%YAML 1.1
%TAG !u! tag:unity3d.com,2011:
--- !u!1001 &100100000
Prefab:
  m_ObjectHideFlags: 1
  serializedVersion: 2
  m_Modification:
    m_TransformParent: {fileID: 0}
    m_Modifications: []
    m_RemovedComponents: []
  m_ParentPrefab: {fileID: 0}
  m_RootGameObject: {fileID: 1840454927621856}
  m_IsPrefabParent: 1
--- !u!1 &1054781177524928
GameObject:
  m_ObjectHideFlags: 1
  m_PrefabParentObject: {fileID: 0}
  m_PrefabInternal: {fileID: 100100000}
  serializedVersion: 5
  m_Component:
  - component: {fileID: 4006260744333722}
  m_Layer: 0
  m_Name: GothicMohawkHair
  m_TagString: Untagged
  m_Icon: {fileID: 0}
  m_NavMeshLayer: 0
  m_StaticEditorFlags: 0
  m_IsActive: 1
--- !u!1 &1102852992887004
GameObject:
  m_ObjectHideFlags: 1
  m_PrefabParentObject: {fileID: 0}
  m_PrefabInternal: {fileID: 100100000}
  serializedVersion: 5
  m_Component:
  - component: {fileID: 4936855160020082}
  m_Layer: 0
  m_Name: lBrowMid
  m_TagString: Untagged
  m_Icon: {fileID: 0}
  m_NavMeshLayer: 0
  m_StaticEditorFlags: 0
  m_IsActive: 1
--- !u!1 &1103083173843066
GameObject:
  m_ObjectHideFlags: 1
  m_PrefabParentObject: {fileID: 0}
  m_PrefabInternal: {fileID: 100100000}
  serializedVersion: 5
  m_Component:
  - component: {fileID: 4932028932149284}
  m_Layer: 0
  m_Name: lBrowInner
  m_TagString: Untagged
  m_Icon: {fileID: 0}
  m_NavMeshLayer: 0
  m_StaticEditorFlags: 0
  m_IsActive: 1
--- !u!1 &1114549651608542
GameObject:
  m_ObjectHideFlags: 1
  m_PrefabParentObject: {fileID: 0}
  m_PrefabInternal: {fileID: 100100000}
  serializedVersion: 5
  m_Component:
  - component: {fileID: 4766573869064486}
  m_Layer: 0
  m_Name: CenterBrow
  m_TagString: Untagged
  m_Icon: {fileID: 0}
  m_NavMeshLayer: 0
  m_StaticEditorFlags: 0
  m_IsActive: 1
--- !u!1 &1155210611949036
GameObject:
  m_ObjectHideFlags: 1
  m_PrefabParentObject: {fileID: 0}
  m_PrefabInternal: {fileID: 100100000}
  serializedVersion: 5
  m_Component:
  - component: {fileID: 4198622672296242}
  m_Layer: 0
  m_Name: upperFaceRig
  m_TagString: Untagged
  m_Icon: {fileID: 0}
  m_NavMeshLayer: 0
  m_StaticEditorFlags: 0
  m_IsActive: 1
--- !u!1 &1267927962294084
GameObject:
  m_ObjectHideFlags: 1
  m_PrefabParentObject: {fileID: 0}
  m_PrefabInternal: {fileID: 100100000}
  serializedVersion: 5
  m_Component:
  - component: {fileID: 4506722678270194}
  - component: {fileID: 137473893024651342}
  - component: {fileID: 114361492715135606}
  m_Layer: 0
  m_Name: GothicMohawkHair.Shape_LOD0
  m_TagString: Untagged
  m_Icon: {fileID: 0}
  m_NavMeshLayer: 0
  m_StaticEditorFlags: 0
  m_IsActive: 1
--- !u!1 &1346743806444514
GameObject:
  m_ObjectHideFlags: 1
  m_PrefabParentObject: {fileID: 0}
  m_PrefabInternal: {fileID: 100100000}
  serializedVersion: 5
  m_Component:
  - component: {fileID: 4897164339887688}
  m_Layer: 0
  m_Name: chestUpper
  m_TagString: Untagged
  m_Icon: {fileID: 0}
  m_NavMeshLayer: 0
  m_StaticEditorFlags: 0
  m_IsActive: 1
--- !u!1 &1367906253212874
GameObject:
  m_ObjectHideFlags: 1
  m_PrefabParentObject: {fileID: 0}
  m_PrefabInternal: {fileID: 100100000}
  serializedVersion: 5
  m_Component:
  - component: {fileID: 4371252806674192}
  m_Layer: 0
  m_Name: head
  m_TagString: Untagged
  m_Icon: {fileID: 0}
  m_NavMeshLayer: 0
  m_StaticEditorFlags: 0
  m_IsActive: 1
--- !u!1 &1441926374840840
GameObject:
  m_ObjectHideFlags: 1
  m_PrefabParentObject: {fileID: 0}
  m_PrefabInternal: {fileID: 100100000}
  serializedVersion: 5
  m_Component:
  - component: {fileID: 4986057508263286}
  m_Layer: 0
  m_Name: abdomenUpper
  m_TagString: Untagged
  m_Icon: {fileID: 0}
  m_NavMeshLayer: 0
  m_StaticEditorFlags: 0
  m_IsActive: 1
--- !u!1 &1474749306542522
GameObject:
  m_ObjectHideFlags: 1
  m_PrefabParentObject: {fileID: 0}
  m_PrefabInternal: {fileID: 100100000}
  serializedVersion: 5
  m_Component:
  - component: {fileID: 4117137546022196}
  m_Layer: 0
  m_Name: chestLower
  m_TagString: Untagged
  m_Icon: {fileID: 0}
  m_NavMeshLayer: 0
  m_StaticEditorFlags: 0
  m_IsActive: 1
--- !u!1 &1558414391758272
GameObject:
  m_ObjectHideFlags: 1
  m_PrefabParentObject: {fileID: 0}
  m_PrefabInternal: {fileID: 100100000}
  serializedVersion: 5
  m_Component:
  - component: {fileID: 4394784742574548}
  m_Layer: 0
  m_Name: hip
  m_TagString: Untagged
  m_Icon: {fileID: 0}
  m_NavMeshLayer: 0
  m_StaticEditorFlags: 0
  m_IsActive: 1
--- !u!1 &1581149875273110
GameObject:
  m_ObjectHideFlags: 1
  m_PrefabParentObject: {fileID: 0}
  m_PrefabInternal: {fileID: 100100000}
  serializedVersion: 5
  m_Component:
  - component: {fileID: 4111887439526666}
  m_Layer: 0
  m_Name: rBrowInner
  m_TagString: Untagged
  m_Icon: {fileID: 0}
  m_NavMeshLayer: 0
  m_StaticEditorFlags: 0
  m_IsActive: 1
--- !u!1 &1585775429834350
GameObject:
  m_ObjectHideFlags: 1
  m_PrefabParentObject: {fileID: 0}
  m_PrefabInternal: {fileID: 100100000}
  serializedVersion: 5
  m_Component:
  - component: {fileID: 4332408269166172}
  m_Layer: 0
  m_Name: rBrowMid
  m_TagString: Untagged
  m_Icon: {fileID: 0}
  m_NavMeshLayer: 0
  m_StaticEditorFlags: 0
  m_IsActive: 1
--- !u!1 &1599035663771126
GameObject:
  m_ObjectHideFlags: 1
  m_PrefabParentObject: {fileID: 0}
  m_PrefabInternal: {fileID: 100100000}
  serializedVersion: 5
  m_Component:
  - component: {fileID: 4266428055452134}
  - component: {fileID: 137213575076222894}
  - component: {fileID: 114943306969559058}
  m_Layer: 0
  m_Name: GothicMohawkHair.Shape_LOD3
  m_TagString: Untagged
  m_Icon: {fileID: 0}
  m_NavMeshLayer: 0
  m_StaticEditorFlags: 0
  m_IsActive: 1
--- !u!1 &1647258310324046
GameObject:
  m_ObjectHideFlags: 0
  m_PrefabParentObject: {fileID: 0}
  m_PrefabInternal: {fileID: 100100000}
  serializedVersion: 5
  m_Component:
  - component: {fileID: 4727299827759028}
  m_Layer: 0
  m_Name: M3DMale_LOD0
  m_TagString: Untagged
  m_Icon: {fileID: 0}
  m_NavMeshLayer: 0
  m_StaticEditorFlags: 0
  m_IsActive: 1
--- !u!1 &1698950689274844
GameObject:
  m_ObjectHideFlags: 1
  m_PrefabParentObject: {fileID: 0}
  m_PrefabInternal: {fileID: 100100000}
  serializedVersion: 5
  m_Component:
  - component: {fileID: 4747372251436106}
  - component: {fileID: 137855160138776030}
  - component: {fileID: 114208303175149384}
  m_Layer: 0
  m_Name: GothicMohawkHair.Shape_LOD1
  m_TagString: Untagged
  m_Icon: {fileID: 0}
  m_NavMeshLayer: 0
  m_StaticEditorFlags: 0
  m_IsActive: 1
--- !u!1 &1743241899318850
GameObject:
  m_ObjectHideFlags: 1
  m_PrefabParentObject: {fileID: 0}
  m_PrefabInternal: {fileID: 100100000}
  serializedVersion: 5
  m_Component:
  - component: {fileID: 4138780354774880}
  m_Layer: 0
  m_Name: neckLower
  m_TagString: Untagged
  m_Icon: {fileID: 0}
  m_NavMeshLayer: 0
  m_StaticEditorFlags: 0
  m_IsActive: 1
--- !u!1 &1816344499979296
GameObject:
  m_ObjectHideFlags: 1
  m_PrefabParentObject: {fileID: 0}
  m_PrefabInternal: {fileID: 100100000}
  serializedVersion: 5
  m_Component:
  - component: {fileID: 4412087131503042}
  m_Layer: 0
  m_Name: abdomenLower
  m_TagString: Untagged
  m_Icon: {fileID: 0}
  m_NavMeshLayer: 0
  m_StaticEditorFlags: 0
  m_IsActive: 1
--- !u!1 &1839098066182300
GameObject:
  m_ObjectHideFlags: 1
  m_PrefabParentObject: {fileID: 0}
  m_PrefabInternal: {fileID: 100100000}
  serializedVersion: 5
  m_Component:
  - component: {fileID: 4321464336511488}
  - component: {fileID: 137096899175118524}
  - component: {fileID: 114079112205977512}
  m_Layer: 0
  m_Name: GothicMohawkHair.Shape_LOD2
  m_TagString: Untagged
  m_Icon: {fileID: 0}
  m_NavMeshLayer: 0
  m_StaticEditorFlags: 0
  m_IsActive: 1
--- !u!1 &1839685205013342
GameObject:
  m_ObjectHideFlags: 1
  m_PrefabParentObject: {fileID: 0}
  m_PrefabInternal: {fileID: 100100000}
  serializedVersion: 5
  m_Component:
  - component: {fileID: 4427367862375966}
  m_Layer: 0
  m_Name: neckUpper
  m_TagString: Untagged
  m_Icon: {fileID: 0}
  m_NavMeshLayer: 0
  m_StaticEditorFlags: 0
  m_IsActive: 1
--- !u!1 &1840454927621856
GameObject:
  m_ObjectHideFlags: 0
  m_PrefabParentObject: {fileID: 0}
  m_PrefabInternal: {fileID: 100100000}
  serializedVersion: 5
  m_Component:
  - component: {fileID: 4723870618172694}
  - component: {fileID: 114293202393447260}
  - component: {fileID: 114643635498790578}
  m_Layer: 0
  m_Name: GothicMohawkHair
  m_TagString: Untagged
  m_Icon: {fileID: 0}
  m_NavMeshLayer: 0
  m_StaticEditorFlags: 0
  m_IsActive: 1
--- !u!1 &1872390471613628
GameObject:
  m_ObjectHideFlags: 1
  m_PrefabParentObject: {fileID: 0}
  m_PrefabInternal: {fileID: 100100000}
  serializedVersion: 5
  m_Component:
  - component: {fileID: 4134430084457982}
  m_Layer: 0
  m_Name: lBrowOuter
  m_TagString: Untagged
  m_Icon: {fileID: 0}
  m_NavMeshLayer: 0
  m_StaticEditorFlags: 0
  m_IsActive: 1
--- !u!4 &4006260744333722
Transform:
  m_ObjectHideFlags: 1
  m_PrefabParentObject: {fileID: 0}
  m_PrefabInternal: {fileID: 100100000}
  m_GameObject: {fileID: 1054781177524928}
  m_LocalRotation: {x: 0, y: -0, z: -0, w: 1}
  m_LocalPosition: {x: -0, y: 0, z: 0}
  m_LocalScale: {x: 1, y: 1, z: 1}
  m_Children:
  - {fileID: 4506722678270194}
  - {fileID: 4747372251436106}
  - {fileID: 4321464336511488}
  - {fileID: 4266428055452134}
  - {fileID: 4394784742574548}
  m_Father: {fileID: 4727299827759028}
  m_RootOrder: 0
  m_LocalEulerAnglesHint: {x: 0, y: 0, z: 0}
--- !u!4 &4111887439526666
Transform:
  m_ObjectHideFlags: 1
  m_PrefabParentObject: {fileID: 0}
  m_PrefabInternal: {fileID: 100100000}
  m_GameObject: {fileID: 1581149875273110}
  m_LocalRotation: {x: -8.6736174e-19, y: 0, z: -0, w: 1}
  m_LocalPosition: {x: 0.02048151, y: 0.08367691, z: 0.11087196}
  m_LocalScale: {x: 1, y: 1, z: 1}
  m_Children: []
  m_Father: {fileID: 4198622672296242}
  m_RootOrder: 4
  m_LocalEulerAnglesHint: {x: 0, y: 0, z: 0}
--- !u!4 &4117137546022196
Transform:
  m_ObjectHideFlags: 1
  m_PrefabParentObject: {fileID: 0}
  m_PrefabInternal: {fileID: 100100000}
  m_GameObject: {fileID: 1474749306542522}
  m_LocalRotation: {x: 0, y: -0, z: -0, w: 1}
  m_LocalPosition: {x: -0, y: 0.08209099, z: -0.007170005}
  m_LocalScale: {x: 1, y: 1, z: 1}
  m_Children:
  - {fileID: 4897164339887688}
  m_Father: {fileID: 4986057508263286}
  m_RootOrder: 0
  m_LocalEulerAnglesHint: {x: 0, y: 0, z: 0}
--- !u!4 &4134430084457982
Transform:
  m_ObjectHideFlags: 1
  m_PrefabParentObject: {fileID: 0}
  m_PrefabInternal: {fileID: 100100000}
  m_GameObject: {fileID: 1872390471613628}
  m_LocalRotation: {x: -8.6736174e-19, y: 0, z: -0, w: 1}
  m_LocalPosition: {x: -0.054383047, y: 0.07981689, z: 0.09408206}
  m_LocalScale: {x: 1, y: 1, z: 1}
  m_Children: []
  m_Father: {fileID: 4198622672296242}
  m_RootOrder: 3
  m_LocalEulerAnglesHint: {x: 0, y: 0, z: 0}
--- !u!4 &4138780354774880
Transform:
  m_ObjectHideFlags: 1
  m_PrefabParentObject: {fileID: 0}
  m_PrefabInternal: {fileID: 100100000}
  m_GameObject: {fileID: 1743241899318850}
  m_LocalRotation: {x: 0, y: -0, z: -0, w: 1}
  m_LocalPosition: {x: -0, y: 0.18963486, z: -0.007752781}
  m_LocalScale: {x: 1, y: 1, z: 1}
  m_Children:
  - {fileID: 4427367862375966}
  m_Father: {fileID: 4897164339887688}
  m_RootOrder: 0
  m_LocalEulerAnglesHint: {x: 0, y: 0, z: 0}
--- !u!4 &4198622672296242
Transform:
  m_ObjectHideFlags: 1
  m_PrefabParentObject: {fileID: 0}
  m_PrefabInternal: {fileID: 100100000}
  m_GameObject: {fileID: 1155210611949036}
  m_LocalRotation: {x: 8.6736174e-19, y: -0, z: -0, w: 1}
  m_LocalPosition: {x: -0, y: 0, z: 0}
  m_LocalScale: {x: 1, y: 1, z: 1}
  m_Children:
  - {fileID: 4766573869064486}
  - {fileID: 4932028932149284}
  - {fileID: 4936855160020082}
  - {fileID: 4134430084457982}
  - {fileID: 4111887439526666}
  - {fileID: 4332408269166172}
  m_Father: {fileID: 4371252806674192}
  m_RootOrder: 0
  m_LocalEulerAnglesHint: {x: 0, y: 0, z: 0}
--- !u!4 &4266428055452134
Transform:
  m_ObjectHideFlags: 1
  m_PrefabParentObject: {fileID: 0}
  m_PrefabInternal: {fileID: 100100000}
  m_GameObject: {fileID: 1599035663771126}
  m_LocalRotation: {x: 0, y: -0, z: -0, w: 1}
  m_LocalPosition: {x: -0, y: 0, z: 0}
  m_LocalScale: {x: 1, y: 1, z: 1}
  m_Children: []
  m_Father: {fileID: 4006260744333722}
  m_RootOrder: 3
  m_LocalEulerAnglesHint: {x: 0, y: 0, z: 0}
--- !u!4 &4321464336511488
Transform:
  m_ObjectHideFlags: 1
  m_PrefabParentObject: {fileID: 0}
  m_PrefabInternal: {fileID: 100100000}
  m_GameObject: {fileID: 1839098066182300}
  m_LocalRotation: {x: 0, y: -0, z: -0, w: 1}
  m_LocalPosition: {x: -0, y: 0, z: 0}
  m_LocalScale: {x: 1, y: 1, z: 1}
  m_Children: []
  m_Father: {fileID: 4006260744333722}
  m_RootOrder: 2
  m_LocalEulerAnglesHint: {x: 0, y: 0, z: 0}
--- !u!4 &4332408269166172
Transform:
  m_ObjectHideFlags: 1
  m_PrefabParentObject: {fileID: 0}
  m_PrefabInternal: {fileID: 100100000}
  m_GameObject: {fileID: 1585775429834350}
  m_LocalRotation: {x: -8.6736174e-19, y: 0, z: -0, w: 1}
  m_LocalPosition: {x: 0.03895908, y: 0.08606796, z: 0.107588194}
  m_LocalScale: {x: 1, y: 1, z: 1}
  m_Children: []
  m_Father: {fileID: 4198622672296242}
  m_RootOrder: 5
  m_LocalEulerAnglesHint: {x: 0, y: 0, z: 0}
--- !u!4 &4371252806674192
Transform:
  m_ObjectHideFlags: 1
  m_PrefabParentObject: {fileID: 0}
  m_PrefabInternal: {fileID: 100100000}
  m_GameObject: {fileID: 1367906253212874}
  m_LocalRotation: {x: 0, y: -0, z: -0, w: 1}
  m_LocalPosition: {x: -0, y: 0.054383084, z: 0.0018835211}
  m_LocalScale: {x: 1, y: 1, z: 1}
  m_Children:
  - {fileID: 4198622672296242}
  m_Father: {fileID: 4427367862375966}
  m_RootOrder: 0
  m_LocalEulerAnglesHint: {x: 0, y: 0, z: 0}
--- !u!4 &4394784742574548
Transform:
  m_ObjectHideFlags: 1
  m_PrefabParentObject: {fileID: 0}
  m_PrefabInternal: {fileID: 100100000}
  m_GameObject: {fileID: 1558414391758272}
  m_LocalRotation: {x: 0, y: -0, z: -0, w: 1}
  m_LocalPosition: {x: -0, y: 1.035941, z: 0.01915123}
  m_LocalScale: {x: 1, y: 1, z: 1}
  m_Children:
  - {fileID: 4412087131503042}
  m_Father: {fileID: 4006260744333722}
  m_RootOrder: 4
  m_LocalEulerAnglesHint: {x: 0, y: 0, z: 0}
--- !u!4 &4412087131503042
Transform:
  m_ObjectHideFlags: 1
  m_PrefabParentObject: {fileID: 0}
  m_PrefabInternal: {fileID: 100100000}
  m_GameObject: {fileID: 1816344499979296}
  m_LocalRotation: {x: 0, y: -0, z: -0, w: 1}
  m_LocalPosition: {x: -0, y: 0.018255996, z: -0.017591234}
  m_LocalScale: {x: 1, y: 1, z: 1}
  m_Children:
  - {fileID: 4986057508263286}
  m_Father: {fileID: 4394784742574548}
  m_RootOrder: 0
  m_LocalEulerAnglesHint: {x: 0, y: 0, z: 0}
--- !u!4 &4427367862375966
Transform:
  m_ObjectHideFlags: 1
  m_PrefabParentObject: {fileID: 0}
  m_PrefabInternal: {fileID: 100100000}
  m_GameObject: {fileID: 1839685205013342}
  m_LocalRotation: {x: 0, y: -0, z: -0, w: 1}
  m_LocalPosition: {x: -0, y: 0.03526703, z: 0.02235095}
  m_LocalScale: {x: 1, y: 1, z: 1}
  m_Children:
  - {fileID: 4371252806674192}
  m_Father: {fileID: 4138780354774880}
  m_RootOrder: 0
  m_LocalEulerAnglesHint: {x: 0, y: 0, z: 0}
--- !u!4 &4506722678270194
Transform:
  m_ObjectHideFlags: 1
  m_PrefabParentObject: {fileID: 0}
  m_PrefabInternal: {fileID: 100100000}
  m_GameObject: {fileID: 1267927962294084}
  m_LocalRotation: {x: 0, y: -0, z: -0, w: 1}
  m_LocalPosition: {x: -0, y: 0, z: 0}
  m_LocalScale: {x: 1, y: 1, z: 1}
  m_Children: []
  m_Father: {fileID: 4006260744333722}
  m_RootOrder: 0
  m_LocalEulerAnglesHint: {x: 0, y: 0, z: 0}
--- !u!4 &4723870618172694
Transform:
  m_ObjectHideFlags: 1
  m_PrefabParentObject: {fileID: 0}
  m_PrefabInternal: {fileID: 100100000}
  m_GameObject: {fileID: 1840454927621856}
  m_LocalRotation: {x: 0, y: 0, z: 0, w: 1}
  m_LocalPosition: {x: 0, y: 0, z: 0}
  m_LocalScale: {x: 1, y: 1, z: 1}
  m_Children:
  - {fileID: 4727299827759028}
  m_Father: {fileID: 0}
  m_RootOrder: 0
  m_LocalEulerAnglesHint: {x: 0, y: 0, z: 0}
--- !u!4 &4727299827759028
Transform:
  m_ObjectHideFlags: 1
  m_PrefabParentObject: {fileID: 0}
  m_PrefabInternal: {fileID: 100100000}
  m_GameObject: {fileID: 1647258310324046}
  m_LocalRotation: {x: 0, y: -0, z: -0, w: 1}
  m_LocalPosition: {x: -0, y: 0, z: 0}
  m_LocalScale: {x: 1, y: 1, z: 1}
  m_Children:
  - {fileID: 4006260744333722}
  m_Father: {fileID: 4723870618172694}
  m_RootOrder: 0
  m_LocalEulerAnglesHint: {x: 0, y: 0, z: 0}
--- !u!4 &4747372251436106
Transform:
  m_ObjectHideFlags: 1
  m_PrefabParentObject: {fileID: 0}
  m_PrefabInternal: {fileID: 100100000}
  m_GameObject: {fileID: 1698950689274844}
  m_LocalRotation: {x: 0, y: -0, z: -0, w: 1}
  m_LocalPosition: {x: -0, y: 0, z: 0}
  m_LocalScale: {x: 1, y: 1, z: 1}
  m_Children: []
  m_Father: {fileID: 4006260744333722}
  m_RootOrder: 1
  m_LocalEulerAnglesHint: {x: 0, y: 0, z: 0}
--- !u!4 &4766573869064486
Transform:
  m_ObjectHideFlags: 1
  m_PrefabParentObject: {fileID: 0}
  m_PrefabInternal: {fileID: 100100000}
  m_GameObject: {fileID: 1114549651608542}
  m_LocalRotation: {x: -8.6736174e-19, y: 0, z: -0, w: 1}
  m_LocalPosition: {x: -0, y: 0.08312897, z: 0.11566133}
  m_LocalScale: {x: 1, y: 1, z: 1}
  m_Children: []
  m_Father: {fileID: 4198622672296242}
  m_RootOrder: 0
  m_LocalEulerAnglesHint: {x: 0, y: 0, z: 0}
--- !u!4 &4897164339887688
Transform:
  m_ObjectHideFlags: 1
  m_PrefabParentObject: {fileID: 0}
  m_PrefabInternal: {fileID: 100100000}
  m_GameObject: {fileID: 1346743806444514}
  m_LocalRotation: {x: 0, y: -0, z: -0, w: 1}
  m_LocalPosition: {x: -0, y: 0.1317881, z: -0.03504589}
  m_LocalScale: {x: 1, y: 1, z: 1}
  m_Children:
  - {fileID: 4138780354774880}
  m_Father: {fileID: 4117137546022196}
  m_RootOrder: 0
  m_LocalEulerAnglesHint: {x: 0, y: 0, z: 0}
--- !u!4 &4932028932149284
Transform:
  m_ObjectHideFlags: 1
  m_PrefabParentObject: {fileID: 0}
  m_PrefabInternal: {fileID: 100100000}
  m_GameObject: {fileID: 1103083173843066}
  m_LocalRotation: {x: -8.6736174e-19, y: 0, z: -0, w: 1}
  m_LocalPosition: {x: -0.02048151, y: 0.08367691, z: 0.11087196}
  m_LocalScale: {x: 1, y: 1, z: 1}
  m_Children: []
  m_Father: {fileID: 4198622672296242}
  m_RootOrder: 1
  m_LocalEulerAnglesHint: {x: 0, y: 0, z: 0}
--- !u!4 &4936855160020082
Transform:
  m_ObjectHideFlags: 1
  m_PrefabParentObject: {fileID: 0}
  m_PrefabInternal: {fileID: 100100000}
  m_GameObject: {fileID: 1102852992887004}
  m_LocalRotation: {x: -8.6736174e-19, y: 0, z: -0, w: 1}
  m_LocalPosition: {x: -0.03895908, y: 0.08606796, z: 0.107588194}
  m_LocalScale: {x: 1, y: 1, z: 1}
  m_Children: []
  m_Father: {fileID: 4198622672296242}
  m_RootOrder: 2
  m_LocalEulerAnglesHint: {x: 0, y: 0, z: 0}
--- !u!4 &4986057508263286
Transform:
  m_ObjectHideFlags: 1
  m_PrefabParentObject: {fileID: 0}
  m_PrefabInternal: {fileID: 100100000}
  m_GameObject: {fileID: 1441926374840840}
  m_LocalRotation: {x: 0, y: -0, z: -0, w: 1}
  m_LocalPosition: {x: -0, y: 0.08431297, z: 0.005528888}
  m_LocalScale: {x: 1, y: 1, z: 1}
  m_Children:
  - {fileID: 4117137546022196}
  m_Father: {fileID: 4412087131503042}
  m_RootOrder: 0
  m_LocalEulerAnglesHint: {x: 0, y: 0, z: 0}
--- !u!114 &114079112205977512
MonoBehaviour:
  m_ObjectHideFlags: 1
  m_PrefabParentObject: {fileID: 0}
  m_PrefabInternal: {fileID: 100100000}
  m_GameObject: {fileID: 1839098066182300}
  m_Enabled: 1
  m_EditorHideFlags: 0
  m_Script: {fileID: -2050122676, guid: 2188feb5cf201e848a09932d706b7c3a, type: 3}
  m_Name: 
  m_EditorClassIdentifier: 
  dazName: 
  ID: 
  meshQuality: 0
  meshType: 1
  originalMesh: {fileID: 0}
  originalBindposes: []
  runtimeMorphPath: MORPH3D/GothicMohawkHair/GothicMohawkHair/GothicMohawkHairShape_LOD2
--- !u!114 &114208303175149384
MonoBehaviour:
  m_ObjectHideFlags: 1
  m_PrefabParentObject: {fileID: 0}
  m_PrefabInternal: {fileID: 100100000}
  m_GameObject: {fileID: 1698950689274844}
  m_Enabled: 1
  m_EditorHideFlags: 0
  m_Script: {fileID: -2050122676, guid: 2188feb5cf201e848a09932d706b7c3a, type: 3}
  m_Name: 
  m_EditorClassIdentifier: 
  dazName: 
  ID: 
  meshQuality: 0
  meshType: 1
  originalMesh: {fileID: 0}
  originalBindposes: []
  runtimeMorphPath: MORPH3D/GothicMohawkHair/GothicMohawkHair/GothicMohawkHairShape_LOD1
--- !u!114 &114293202393447260
MonoBehaviour:
  m_ObjectHideFlags: 1
  m_PrefabParentObject: {fileID: 0}
  m_PrefabInternal: {fileID: 100100000}
  m_GameObject: {fileID: 1840454927621856}
  m_Enabled: 1
  m_EditorHideFlags: 0
  m_Script: {fileID: 1652709342, guid: 2188feb5cf201e848a09932d706b7c3a, type: 3}
  m_Name: 
  m_EditorClassIdentifier: 
  vendorId: 2e4ddbf3-b4fd-11e6-ab9c-000f1f047949
  versionId: 1
  meshType: 1
  geometryId: GothicMohawkHair
  ID: 8a54b4d9-e1df-4d17-a434-3cd703613dc4
  compatabilityBase: 
  declarativeUse: 
  controllerScales: []
  item_id: 8a54b4d9-e1df-4d17-a434-3cd703613dc4
  collection_id: 
  rank: 2
  function: 2
  schematic:
    lods: []
    persistent: []
  compatibilities:
    figures: []
  collection_version: 0
  item_version: 1
  mcs_version: 1.6
  item_name: GothicMohawkHair
  collection_name: GothicMohawkHair
--- !u!114 &114361492715135606
MonoBehaviour:
  m_ObjectHideFlags: 1
  m_PrefabParentObject: {fileID: 0}
  m_PrefabInternal: {fileID: 100100000}
  m_GameObject: {fileID: 1267927962294084}
  m_Enabled: 1
  m_EditorHideFlags: 0
  m_Script: {fileID: -2050122676, guid: 2188feb5cf201e848a09932d706b7c3a, type: 3}
  m_Name: 
  m_EditorClassIdentifier: 
  dazName: 
  ID: 
  meshQuality: 0
  meshType: 1
  originalMesh: {fileID: 0}
  originalBindposes: []
  runtimeMorphPath: MORPH3D/GothicMohawkHair/GothicMohawkHair/GothicMohawkHairShape_LOD0
--- !u!114 &114643635498790578
MonoBehaviour:
  m_ObjectHideFlags: 1
  m_PrefabParentObject: {fileID: 0}
  m_PrefabInternal: {fileID: 100100000}
  m_GameObject: {fileID: 1840454927621856}
  m_Enabled: 1
  m_EditorHideFlags: 0
  m_Script: {fileID: -945639871, guid: 2188feb5cf201e848a09932d706b7c3a, type: 3}
  m_Name: 
  m_EditorClassIdentifier: 
  dazName: GothicMohawkHair
  ID: 8a54b4d9-e1df-4d17-a434-3cd703613dc4
  LODlist:
  - {fileID: 114361492715135606}
  - {fileID: 114208303175149384}
  - {fileID: 114079112205977512}
  - {fileID: 114943306969559058}
  currentLODlevel: 1
  meshType: 1
  lockMaterials: 0
  isAttached: 0
  isVisible: 1
  overlay: {fileID: 0}
  overlayColor: {r: 0, g: 0, b: 0, a: 0}
  dirty: 0
--- !u!114 &114943306969559058
MonoBehaviour:
  m_ObjectHideFlags: 1
  m_PrefabParentObject: {fileID: 0}
  m_PrefabInternal: {fileID: 100100000}
  m_GameObject: {fileID: 1599035663771126}
  m_Enabled: 1
  m_EditorHideFlags: 0
  m_Script: {fileID: -2050122676, guid: 2188feb5cf201e848a09932d706b7c3a, type: 3}
  m_Name: 
  m_EditorClassIdentifier: 
  dazName: 
  ID: 
  meshQuality: 0
  meshType: 1
  originalMesh: {fileID: 0}
  originalBindposes: []
  runtimeMorphPath: MORPH3D/GothicMohawkHair/GothicMohawkHair/GothicMohawkHairShape_LOD3
--- !u!137 &137096899175118524
SkinnedMeshRenderer:
  m_ObjectHideFlags: 1
  m_PrefabParentObject: {fileID: 0}
  m_PrefabInternal: {fileID: 100100000}
  m_GameObject: {fileID: 1839098066182300}
  m_Enabled: 1
  m_CastShadows: 1
  m_ReceiveShadows: 1
  m_DynamicOccludee: 1
  m_MotionVectors: 1
  m_LightProbeUsage: 1
  m_ReflectionProbeUsage: 1
  m_Materials:
  - {fileID: 2100000, guid: 08af5615e7ca5e74cb2c5dc690b1dd7e, type: 2}
  m_StaticBatchInfo:
    firstSubMesh: 0
    subMeshCount: 0
  m_StaticBatchRoot: {fileID: 0}
  m_ProbeAnchor: {fileID: 0}
  m_LightProbeVolumeOverride: {fileID: 0}
  m_ScaleInLightmap: 1
  m_PreserveUVs: 0
  m_IgnoreNormalsForChartDetection: 0
  m_ImportantGI: 0
  m_StitchLightmapSeams: 0
  m_SelectedEditorRenderState: 3
  m_MinimumChartSize: 4
  m_AutoUVMaxDistance: 0.5
  m_AutoUVMaxAngle: 89
  m_LightmapParameters: {fileID: 0}
  m_SortingLayerID: 0
  m_SortingLayer: 0
  m_SortingOrder: 0
  serializedVersion: 2
  m_Quality: 0
  m_UpdateWhenOffscreen: 0
  m_SkinnedMotionVectors: 1
  m_Mesh: {fileID: 4300004, guid: 5cc8b01bd71d00343bc5979e33fa70dc, type: 3}
  m_Bones:
  - {fileID: 4766573869064486}
  - {fileID: 4936855160020082}
  - {fileID: 4111887439526666}
  - {fileID: 4897164339887688}
  - {fileID: 4427367862375966}
  - {fileID: 4932028932149284}
  - {fileID: 4134430084457982}
  - {fileID: 4371252806674192}
  - {fileID: 4332408269166172}
  m_BlendShapeWeights: []
  m_RootBone: {fileID: 4897164339887688}
  m_AABB:
    m_Center: {x: 0.00030203164, y: 0.4147451, z: 0.028692916}
    m_Extent: {x: 0.10016023, y: 0.13662612, z: 0.17467532}
  m_DirtyAABB: 0
--- !u!137 &137213575076222894
SkinnedMeshRenderer:
  m_ObjectHideFlags: 1
  m_PrefabParentObject: {fileID: 0}
  m_PrefabInternal: {fileID: 100100000}
  m_GameObject: {fileID: 1599035663771126}
  m_Enabled: 1
  m_CastShadows: 1
  m_ReceiveShadows: 1
  m_DynamicOccludee: 1
  m_MotionVectors: 1
  m_LightProbeUsage: 1
  m_ReflectionProbeUsage: 1
  m_Materials:
  - {fileID: 2100000, guid: 08af5615e7ca5e74cb2c5dc690b1dd7e, type: 2}
  m_StaticBatchInfo:
    firstSubMesh: 0
    subMeshCount: 0
  m_StaticBatchRoot: {fileID: 0}
  m_ProbeAnchor: {fileID: 0}
  m_LightProbeVolumeOverride: {fileID: 0}
  m_ScaleInLightmap: 1
  m_PreserveUVs: 0
  m_IgnoreNormalsForChartDetection: 0
  m_ImportantGI: 0
  m_StitchLightmapSeams: 0
  m_SelectedEditorRenderState: 3
  m_MinimumChartSize: 4
  m_AutoUVMaxDistance: 0.5
  m_AutoUVMaxAngle: 89
  m_LightmapParameters: {fileID: 0}
  m_SortingLayerID: 0
  m_SortingLayer: 0
  m_SortingOrder: 0
  serializedVersion: 2
  m_Quality: 0
  m_UpdateWhenOffscreen: 0
  m_SkinnedMotionVectors: 1
  m_Mesh: {fileID: 4300006, guid: 5cc8b01bd71d00343bc5979e33fa70dc, type: 3}
  m_Bones:
  - {fileID: 4766573869064486}
  - {fileID: 4936855160020082}
  - {fileID: 4111887439526666}
  - {fileID: 4897164339887688}
  - {fileID: 4427367862375966}
  - {fileID: 4932028932149284}
  - {fileID: 4134430084457982}
  - {fileID: 4371252806674192}
  - {fileID: 4332408269166172}
  m_BlendShapeWeights: []
  m_RootBone: {fileID: 4897164339887688}
  m_AABB:
    m_Center: {x: 0.0006559342, y: 0.41552782, z: 0.032446273}
    m_Extent: {x: 0.100514136, y: 0.13666248, z: 0.17510179}
  m_DirtyAABB: 0
--- !u!137 &137473893024651342
SkinnedMeshRenderer:
  m_ObjectHideFlags: 1
  m_PrefabParentObject: {fileID: 0}
  m_PrefabInternal: {fileID: 100100000}
  m_GameObject: {fileID: 1267927962294084}
  m_Enabled: 1
  m_CastShadows: 1
  m_ReceiveShadows: 1
  m_DynamicOccludee: 1
  m_MotionVectors: 1
  m_LightProbeUsage: 1
  m_ReflectionProbeUsage: 1
  m_Materials:
  - {fileID: 2100000, guid: 08af5615e7ca5e74cb2c5dc690b1dd7e, type: 2}
  m_StaticBatchInfo:
    firstSubMesh: 0
    subMeshCount: 0
  m_StaticBatchRoot: {fileID: 0}
  m_ProbeAnchor: {fileID: 0}
  m_LightProbeVolumeOverride: {fileID: 0}
  m_ScaleInLightmap: 1
  m_PreserveUVs: 0
  m_IgnoreNormalsForChartDetection: 0
  m_ImportantGI: 0
  m_StitchLightmapSeams: 0
  m_SelectedEditorRenderState: 3
  m_MinimumChartSize: 4
  m_AutoUVMaxDistance: 0.5
  m_AutoUVMaxAngle: 89
  m_LightmapParameters: {fileID: 0}
  m_SortingLayerID: 0
  m_SortingLayer: 0
  m_SortingOrder: 0
  serializedVersion: 2
  m_Quality: 0
  m_UpdateWhenOffscreen: 0
  m_SkinnedMotionVectors: 1
  m_Mesh: {fileID: 4300000, guid: 5cc8b01bd71d00343bc5979e33fa70dc, type: 3}
  m_Bones:
  - {fileID: 4766573869064486}
  - {fileID: 4936855160020082}
  - {fileID: 4111887439526666}
  - {fileID: 4897164339887688}
  - {fileID: 4427367862375966}
  - {fileID: 4932028932149284}
  - {fileID: 4134430084457982}
  - {fileID: 4371252806674192}
  - {fileID: 4332408269166172}
  m_BlendShapeWeights: []
  m_RootBone: {fileID: 4897164339887688}
  m_AABB:
    m_Center: {x: 0.0003736019, y: 0.41466773, z: 0.028814837}
    m_Extent: {x: 0.10009955, y: 0.13538957, z: 0.17323586}
  m_DirtyAABB: 0
--- !u!137 &137855160138776030
SkinnedMeshRenderer:
  m_ObjectHideFlags: 1
  m_PrefabParentObject: {fileID: 0}
  m_PrefabInternal: {fileID: 100100000}
  m_GameObject: {fileID: 1698950689274844}
  m_Enabled: 1
  m_CastShadows: 1
  m_ReceiveShadows: 1
  m_DynamicOccludee: 1
  m_MotionVectors: 1
  m_LightProbeUsage: 1
  m_ReflectionProbeUsage: 1
  m_Materials:
  - {fileID: 2100000, guid: 08af5615e7ca5e74cb2c5dc690b1dd7e, type: 2}
  m_StaticBatchInfo:
    firstSubMesh: 0
    subMeshCount: 0
  m_StaticBatchRoot: {fileID: 0}
  m_ProbeAnchor: {fileID: 0}
  m_LightProbeVolumeOverride: {fileID: 0}
  m_ScaleInLightmap: 1
  m_PreserveUVs: 0
  m_IgnoreNormalsForChartDetection: 0
  m_ImportantGI: 0
  m_StitchLightmapSeams: 0
  m_SelectedEditorRenderState: 3
  m_MinimumChartSize: 4
  m_AutoUVMaxDistance: 0.5
  m_AutoUVMaxAngle: 89
  m_LightmapParameters: {fileID: 0}
  m_SortingLayerID: 0
  m_SortingLayer: 0
  m_SortingOrder: 0
  serializedVersion: 2
  m_Quality: 0
  m_UpdateWhenOffscreen: 0
  m_SkinnedMotionVectors: 1
  m_Mesh: {fileID: 4300002, guid: 5cc8b01bd71d00343bc5979e33fa70dc, type: 3}
  m_Bones:
  - {fileID: 4766573869064486}
  - {fileID: 4936855160020082}
  - {fileID: 4111887439526666}
  - {fileID: 4897164339887688}
  - {fileID: 4427367862375966}
  - {fileID: 4932028932149284}
  - {fileID: 4134430084457982}
  - {fileID: 4371252806674192}
  - {fileID: 4332408269166172}
  m_BlendShapeWeights: []
  m_RootBone: {fileID: 4897164339887688}
  m_AABB:
    m_Center: {x: 0.00035740435, y: 0.41478246, z: 0.02860973}
    m_Extent: {x: 0.099918604, y: 0.13604814, z: 0.17303076}
  m_DirtyAABB: 0
