%YAML 1.1
%TAG !u! tag:unity3d.com,2011:
--- !u!1001 &100100000
Prefab:
  m_ObjectHideFlags: 1
  serializedVersion: 2
  m_Modification:
    m_TransformParent: {fileID: 0}
    m_Modifications: []
    m_RemovedComponents: []
  m_ParentPrefab: {fileID: 0}
  m_RootGameObject: {fileID: 1090001346386216}
  m_IsPrefabParent: 1
--- !u!1 &1002796707067740
GameObject:
  m_ObjectHideFlags: 1
  m_PrefabParentObject: {fileID: 0}
  m_PrefabInternal: {fileID: 100100000}
  serializedVersion: 5
  m_Component:
  - component: {fileID: 4975828166790038}
  m_Layer: 0
  m_Name: RightHandRing2
  m_TagString: Untagged
  m_Icon: {fileID: 0}
  m_NavMeshLayer: 0
  m_StaticEditorFlags: 0
  m_IsActive: 1
--- !u!1 &1009442799387948
GameObject:
  m_ObjectHideFlags: 1
  m_PrefabParentObject: {fileID: 0}
  m_PrefabInternal: {fileID: 100100000}
  serializedVersion: 5
  m_Component:
  - component: {fileID: 4479932003957844}
  m_Layer: 0
  m_Name: Hips
  m_TagString: Untagged
  m_Icon: {fileID: 0}
  m_NavMeshLayer: 0
  m_StaticEditorFlags: 0
  m_IsActive: 1
--- !u!1 &1046679413377982
GameObject:
  m_ObjectHideFlags: 1
  m_PrefabParentObject: {fileID: 0}
  m_PrefabInternal: {fileID: 100100000}
  serializedVersion: 5
  m_Component:
  - component: {fileID: 4042151264290410}
  m_Layer: 0
  m_Name: LeftHandLittle2
  m_TagString: Untagged
  m_Icon: {fileID: 0}
  m_NavMeshLayer: 0
  m_StaticEditorFlags: 0
  m_IsActive: 1
--- !u!1 &1065334333700720
GameObject:
  m_ObjectHideFlags: 1
  m_PrefabParentObject: {fileID: 0}
  m_PrefabInternal: {fileID: 100100000}
  serializedVersion: 5
  m_Component:
  - component: {fileID: 4552420082044602}
  m_Layer: 0
  m_Name: LeftHandThumb3
  m_TagString: Untagged
  m_Icon: {fileID: 0}
  m_NavMeshLayer: 0
  m_StaticEditorFlags: 0
  m_IsActive: 1
--- !u!1 &1078935355787248
GameObject:
  m_ObjectHideFlags: 1
  m_PrefabParentObject: {fileID: 0}
  m_PrefabInternal: {fileID: 100100000}
  serializedVersion: 5
  m_Component:
  - component: {fileID: 4433365914754604}
  m_Layer: 0
  m_Name: RightArm
  m_TagString: Untagged
  m_Icon: {fileID: 0}
  m_NavMeshLayer: 0
  m_StaticEditorFlags: 0
  m_IsActive: 1
--- !u!1 &1090001346386216
GameObject:
  m_ObjectHideFlags: 0
  m_PrefabParentObject: {fileID: 0}
  m_PrefabInternal: {fileID: 100100000}
  serializedVersion: 5
  m_Component:
  - component: {fileID: 4699407492700746}
  m_Layer: 0
  m_Name: RightGlove
  m_TagString: Untagged
  m_Icon: {fileID: 0}
  m_NavMeshLayer: 0
  m_StaticEditorFlags: 0
  m_IsActive: 1
--- !u!1 &1112780910003776
GameObject:
  m_ObjectHideFlags: 1
  m_PrefabParentObject: {fileID: 0}
  m_PrefabInternal: {fileID: 100100000}
  serializedVersion: 5
  m_Component:
  - component: {fileID: 4753985687174950}
  m_Layer: 0
  m_Name: LeftHandLittle3
  m_TagString: Untagged
  m_Icon: {fileID: 0}
  m_NavMeshLayer: 0
  m_StaticEditorFlags: 0
  m_IsActive: 1
--- !u!1 &1119252287531430
GameObject:
  m_ObjectHideFlags: 1
  m_PrefabParentObject: {fileID: 0}
  m_PrefabInternal: {fileID: 100100000}
  serializedVersion: 5
  m_Component:
  - component: {fileID: 4681459756095738}
  m_Layer: 0
  m_Name: LeftHandThumb1
  m_TagString: Untagged
  m_Icon: {fileID: 0}
  m_NavMeshLayer: 0
  m_StaticEditorFlags: 0
  m_IsActive: 1
--- !u!1 &1132897274932662
GameObject:
  m_ObjectHideFlags: 1
  m_PrefabParentObject: {fileID: 0}
  m_PrefabInternal: {fileID: 100100000}
  serializedVersion: 5
  m_Component:
  - component: {fileID: 4155171535791706}
  m_Layer: 0
  m_Name: RightFoot
  m_TagString: Untagged
  m_Icon: {fileID: 0}
  m_NavMeshLayer: 0
  m_StaticEditorFlags: 0
  m_IsActive: 1
--- !u!1 &1170449614356774
GameObject:
  m_ObjectHideFlags: 1
  m_PrefabParentObject: {fileID: 0}
  m_PrefabInternal: {fileID: 100100000}
  serializedVersion: 5
  m_Component:
  - component: {fileID: 4210190345415328}
  m_Layer: 0
  m_Name: RightLeg
  m_TagString: Untagged
  m_Icon: {fileID: 0}
  m_NavMeshLayer: 0
  m_StaticEditorFlags: 0
  m_IsActive: 1
--- !u!1 &1175898740216054
GameObject:
  m_ObjectHideFlags: 0
  m_PrefabParentObject: {fileID: 0}
  m_PrefabInternal: {fileID: 100100000}
  serializedVersion: 5
  m_Component:
  - component: {fileID: 4763210662555734}
  m_Layer: 0
  m_Name: LeftPlatform
  m_TagString: Untagged
  m_Icon: {fileID: 0}
  m_NavMeshLayer: 0
  m_StaticEditorFlags: 0
  m_IsActive: 1
--- !u!1 &1178980491879552
GameObject:
  m_ObjectHideFlags: 1
  m_PrefabParentObject: {fileID: 0}
  m_PrefabInternal: {fileID: 100100000}
  serializedVersion: 5
  m_Component:
  - component: {fileID: 4572813343165280}
  m_Layer: 0
  m_Name: RightHandIndex3
  m_TagString: Untagged
  m_Icon: {fileID: 0}
  m_NavMeshLayer: 0
  m_StaticEditorFlags: 0
  m_IsActive: 1
--- !u!1 &1215912708770504
GameObject:
  m_ObjectHideFlags: 1
  m_PrefabParentObject: {fileID: 0}
  m_PrefabInternal: {fileID: 100100000}
  serializedVersion: 5
  m_Component:
  - component: {fileID: 4803383150135958}
  m_Layer: 0
  m_Name: RightHandRing3
  m_TagString: Untagged
  m_Icon: {fileID: 0}
  m_NavMeshLayer: 0
  m_StaticEditorFlags: 0
  m_IsActive: 1
--- !u!1 &1228775258850540
GameObject:
  m_ObjectHideFlags: 0
  m_PrefabParentObject: {fileID: 0}
  m_PrefabInternal: {fileID: 100100000}
  serializedVersion: 5
  m_Component:
  - component: {fileID: 4865671524580922}
  m_Layer: 0
  m_Name: Camera001
  m_TagString: Untagged
  m_Icon: {fileID: 0}
  m_NavMeshLayer: 0
  m_StaticEditorFlags: 0
  m_IsActive: 1
--- !u!1 &1234410566782014
GameObject:
  m_ObjectHideFlags: 1
  m_PrefabParentObject: {fileID: 0}
  m_PrefabInternal: {fileID: 100100000}
  serializedVersion: 5
  m_Component:
  - component: {fileID: 4755748262757966}
  m_Layer: 0
  m_Name: RightHandMiddle3
  m_TagString: Untagged
  m_Icon: {fileID: 0}
  m_NavMeshLayer: 0
  m_StaticEditorFlags: 0
  m_IsActive: 1
--- !u!1 &1268741526884728
GameObject:
  m_ObjectHideFlags: 1
  m_PrefabParentObject: {fileID: 0}
  m_PrefabInternal: {fileID: 100100000}
  serializedVersion: 5
  m_Component:
  - component: {fileID: 4287652541789786}
  m_Layer: 0
  m_Name: LeftHandIndex2
  m_TagString: Untagged
  m_Icon: {fileID: 0}
  m_NavMeshLayer: 0
  m_StaticEditorFlags: 0
  m_IsActive: 1
--- !u!1 &1269953214075284
GameObject:
  m_ObjectHideFlags: 1
  m_PrefabParentObject: {fileID: 0}
  m_PrefabInternal: {fileID: 100100000}
  serializedVersion: 5
  m_Component:
  - component: {fileID: 4993819795399804}
  m_Layer: 0
  m_Name: LeftForeArmTwist
  m_TagString: Untagged
  m_Icon: {fileID: 0}
  m_NavMeshLayer: 0
  m_StaticEditorFlags: 0
  m_IsActive: 1
--- !u!1 &1284616714020680
GameObject:
  m_ObjectHideFlags: 1
  m_PrefabParentObject: {fileID: 0}
  m_PrefabInternal: {fileID: 100100000}
  serializedVersion: 5
  m_Component:
  - component: {fileID: 4926645717438788}
  m_Layer: 0
  m_Name: RightHandThumb2
  m_TagString: Untagged
  m_Icon: {fileID: 0}
  m_NavMeshLayer: 0
  m_StaticEditorFlags: 0
  m_IsActive: 1
--- !u!1 &1292851992790592
GameObject:
  m_ObjectHideFlags: 0
  m_PrefabParentObject: {fileID: 0}
  m_PrefabInternal: {fileID: 100100000}
  serializedVersion: 5
  m_Component:
  - component: {fileID: 4894718913438154}
  - component: {fileID: 137091921873782300}
  m_Layer: 0
  m_Name: FP_arms_06_R
  m_TagString: Untagged
  m_Icon: {fileID: 0}
  m_NavMeshLayer: 0
  m_StaticEditorFlags: 0
  m_IsActive: 1
--- !u!1 &1325807183022340
GameObject:
  m_ObjectHideFlags: 0
  m_PrefabParentObject: {fileID: 0}
  m_PrefabInternal: {fileID: 100100000}
  serializedVersion: 5
  m_Component:
  - component: {fileID: 4233304302689970}
  m_Layer: 0
  m_Name: Bip01
  m_TagString: Untagged
  m_Icon: {fileID: 0}
  m_NavMeshLayer: 0
  m_StaticEditorFlags: 0
  m_IsActive: 1
--- !u!1 &1332569402006988
GameObject:
  m_ObjectHideFlags: 1
  m_PrefabParentObject: {fileID: 0}
  m_PrefabInternal: {fileID: 100100000}
  serializedVersion: 5
  m_Component:
  - component: {fileID: 4185567719039418}
  m_Layer: 0
  m_Name: RightHandLittle2
  m_TagString: Untagged
  m_Icon: {fileID: 0}
  m_NavMeshLayer: 0
  m_StaticEditorFlags: 0
  m_IsActive: 1
--- !u!1 &1350272613397294
GameObject:
  m_ObjectHideFlags: 1
  m_PrefabParentObject: {fileID: 0}
  m_PrefabInternal: {fileID: 100100000}
  serializedVersion: 5
  m_Component:
  - component: {fileID: 4732620289245776}
  m_Layer: 0
  m_Name: RightHandIndex2
  m_TagString: Untagged
  m_Icon: {fileID: 0}
  m_NavMeshLayer: 0
  m_StaticEditorFlags: 0
  m_IsActive: 1
--- !u!1 &1365628295790552
GameObject:
  m_ObjectHideFlags: 1
  m_PrefabParentObject: {fileID: 0}
  m_PrefabInternal: {fileID: 100100000}
  serializedVersion: 5
  m_Component:
  - component: {fileID: 4405057651973450}
  m_Layer: 0
  m_Name: LeftForeArm
  m_TagString: Untagged
  m_Icon: {fileID: 0}
  m_NavMeshLayer: 0
  m_StaticEditorFlags: 0
  m_IsActive: 1
--- !u!1 &1365819857098950
GameObject:
  m_ObjectHideFlags: 1
  m_PrefabParentObject: {fileID: 0}
  m_PrefabInternal: {fileID: 100100000}
  serializedVersion: 5
  m_Component:
  - component: {fileID: 4645635230383126}
  m_Layer: 0
  m_Name: LeftHandMiddle2
  m_TagString: Untagged
  m_Icon: {fileID: 0}
  m_NavMeshLayer: 0
  m_StaticEditorFlags: 0
  m_IsActive: 1
--- !u!1 &1420790366878198
GameObject:
  m_ObjectHideFlags: 1
  m_PrefabParentObject: {fileID: 0}
  m_PrefabInternal: {fileID: 100100000}
  serializedVersion: 5
  m_Component:
  - component: {fileID: 4964470634189778}
  m_Layer: 0
  m_Name: RightHandRing1
  m_TagString: Untagged
  m_Icon: {fileID: 0}
  m_NavMeshLayer: 0
  m_StaticEditorFlags: 0
  m_IsActive: 1
--- !u!1 &1426772708312928
GameObject:
  m_ObjectHideFlags: 1
  m_PrefabParentObject: {fileID: 0}
  m_PrefabInternal: {fileID: 100100000}
  serializedVersion: 5
  m_Component:
  - component: {fileID: 4488733055853420}
  m_Layer: 0
  m_Name: Neck
  m_TagString: Untagged
  m_Icon: {fileID: 0}
  m_NavMeshLayer: 0
  m_StaticEditorFlags: 0
  m_IsActive: 1
--- !u!1 &1434788511460794
GameObject:
  m_ObjectHideFlags: 1
  m_PrefabParentObject: {fileID: 0}
  m_PrefabInternal: {fileID: 100100000}
  serializedVersion: 5
  m_Component:
  - component: {fileID: 4450930804808722}
  m_Layer: 0
  m_Name: LeftLeg
  m_TagString: Untagged
  m_Icon: {fileID: 0}
  m_NavMeshLayer: 0
  m_StaticEditorFlags: 0
  m_IsActive: 1
--- !u!1 &1510394540961148
GameObject:
  m_ObjectHideFlags: 1
  m_PrefabParentObject: {fileID: 0}
  m_PrefabInternal: {fileID: 100100000}
  serializedVersion: 5
  m_Component:
  - component: {fileID: 4080423406473086}
  m_Layer: 0
  m_Name: RightHandLittle3
  m_TagString: Untagged
  m_Icon: {fileID: 0}
  m_NavMeshLayer: 0
  m_StaticEditorFlags: 0
  m_IsActive: 1
--- !u!1 &1522007759334600
GameObject:
  m_ObjectHideFlags: 1
  m_PrefabParentObject: {fileID: 0}
  m_PrefabInternal: {fileID: 100100000}
  serializedVersion: 5
  m_Component:
  - component: {fileID: 4619478514451628}
  m_Layer: 0
  m_Name: LeftHandRing3
  m_TagString: Untagged
  m_Icon: {fileID: 0}
  m_NavMeshLayer: 0
  m_StaticEditorFlags: 0
  m_IsActive: 1
--- !u!1 &1525672019118538
GameObject:
  m_ObjectHideFlags: 1
  m_PrefabParentObject: {fileID: 0}
  m_PrefabInternal: {fileID: 100100000}
  serializedVersion: 5
  m_Component:
  - component: {fileID: 4213582212684898}
  m_Layer: 0
  m_Name: LeftHand
  m_TagString: Untagged
  m_Icon: {fileID: 0}
  m_NavMeshLayer: 0
  m_StaticEditorFlags: 0
  m_IsActive: 1
--- !u!1 &1542223820646870
GameObject:
  m_ObjectHideFlags: 1
  m_PrefabParentObject: {fileID: 0}
  m_PrefabInternal: {fileID: 100100000}
  serializedVersion: 5
  m_Component:
  - component: {fileID: 4201974141487106}
  m_Layer: 0
  m_Name: WeaponHolder
  m_TagString: Untagged
  m_Icon: {fileID: 0}
  m_NavMeshLayer: 0
  m_StaticEditorFlags: 0
  m_IsActive: 1
--- !u!1 &1546955461317686
GameObject:
  m_ObjectHideFlags: 1
  m_PrefabParentObject: {fileID: 0}
  m_PrefabInternal: {fileID: 100100000}
  serializedVersion: 5
  m_Component:
  - component: {fileID: 4283381523615190}
  m_Layer: 0
  m_Name: RightHandThumb1
  m_TagString: Untagged
  m_Icon: {fileID: 0}
  m_NavMeshLayer: 0
  m_StaticEditorFlags: 0
  m_IsActive: 1
--- !u!1 &1591791530370078
GameObject:
  m_ObjectHideFlags: 1
  m_PrefabParentObject: {fileID: 0}
  m_PrefabInternal: {fileID: 100100000}
  serializedVersion: 5
  m_Component:
  - component: {fileID: 4836542453655934}
  m_Layer: 0
  m_Name: RightToeBase
  m_TagString: Untagged
  m_Icon: {fileID: 0}
  m_NavMeshLayer: 0
  m_StaticEditorFlags: 0
  m_IsActive: 1
--- !u!1 &1594788279536882
GameObject:
  m_ObjectHideFlags: 1
  m_PrefabParentObject: {fileID: 0}
  m_PrefabInternal: {fileID: 100100000}
  serializedVersion: 5
  m_Component:
  - component: {fileID: 4995535815694616}
  m_Layer: 0
  m_Name: LeftHandIndex3
  m_TagString: Untagged
  m_Icon: {fileID: 0}
  m_NavMeshLayer: 0
  m_StaticEditorFlags: 0
  m_IsActive: 1
--- !u!1 &1596949815415348
GameObject:
  m_ObjectHideFlags: 1
  m_PrefabParentObject: {fileID: 0}
  m_PrefabInternal: {fileID: 100100000}
  serializedVersion: 5
  m_Component:
  - component: {fileID: 4137418086840662}
  m_Layer: 0
  m_Name: LeftShoulder
  m_TagString: Untagged
  m_Icon: {fileID: 0}
  m_NavMeshLayer: 0
  m_StaticEditorFlags: 0
  m_IsActive: 1
--- !u!1 &1599584993007176
GameObject:
  m_ObjectHideFlags: 1
  m_PrefabParentObject: {fileID: 0}
  m_PrefabInternal: {fileID: 100100000}
  serializedVersion: 5
  m_Component:
  - component: {fileID: 4074791233156108}
  m_Layer: 0
  m_Name: RightHandIndex1
  m_TagString: Untagged
  m_Icon: {fileID: 0}
  m_NavMeshLayer: 0
  m_StaticEditorFlags: 0
  m_IsActive: 1
--- !u!1 &1601512970678258
GameObject:
  m_ObjectHideFlags: 0
  m_PrefabParentObject: {fileID: 0}
  m_PrefabInternal: {fileID: 100100000}
  serializedVersion: 5
  m_Component:
  - component: {fileID: 4836071956660196}
  m_Layer: 0
  m_Name: RightPlatform
  m_TagString: Untagged
  m_Icon: {fileID: 0}
  m_NavMeshLayer: 0
  m_StaticEditorFlags: 0
  m_IsActive: 1
--- !u!1 &1602446931893510
GameObject:
  m_ObjectHideFlags: 1
  m_PrefabParentObject: {fileID: 0}
  m_PrefabInternal: {fileID: 100100000}
  serializedVersion: 5
  m_Component:
  - component: {fileID: 4773214493306728}
  m_Layer: 0
  m_Name: Chest
  m_TagString: Untagged
  m_Icon: {fileID: 0}
  m_NavMeshLayer: 0
  m_StaticEditorFlags: 0
  m_IsActive: 1
--- !u!1 &1605147202396780
GameObject:
  m_ObjectHideFlags: 1
  m_PrefabParentObject: {fileID: 0}
  m_PrefabInternal: {fileID: 100100000}
  serializedVersion: 5
  m_Component:
  - component: {fileID: 4180326352758182}
  m_Layer: 0
  m_Name: LeftHandIndex1
  m_TagString: Untagged
  m_Icon: {fileID: 0}
  m_NavMeshLayer: 0
  m_StaticEditorFlags: 0
  m_IsActive: 1
--- !u!1 &1627006420404780
GameObject:
  m_ObjectHideFlags: 1
  m_PrefabParentObject: {fileID: 0}
  m_PrefabInternal: {fileID: 100100000}
  serializedVersion: 5
  m_Component:
  - component: {fileID: 4638959333996200}
  m_Layer: 0
  m_Name: LeftHandMiddle1
  m_TagString: Untagged
  m_Icon: {fileID: 0}
  m_NavMeshLayer: 0
  m_StaticEditorFlags: 0
  m_IsActive: 1
--- !u!1 &1636396097848578
GameObject:
  m_ObjectHideFlags: 1
  m_PrefabParentObject: {fileID: 0}
  m_PrefabInternal: {fileID: 100100000}
  serializedVersion: 5
  m_Component:
  - component: {fileID: 4358882498576944}
  m_Layer: 0
  m_Name: LeftToeBase
  m_TagString: Untagged
  m_Icon: {fileID: 0}
  m_NavMeshLayer: 0
  m_StaticEditorFlags: 0
  m_IsActive: 1
--- !u!1 &1656030105388300
GameObject:
  m_ObjectHideFlags: 1
  m_PrefabParentObject: {fileID: 0}
  m_PrefabInternal: {fileID: 100100000}
  serializedVersion: 5
  m_Component:
  - component: {fileID: 4758521168315684}
  m_Layer: 0
  m_Name: LeftFoot
  m_TagString: Untagged
  m_Icon: {fileID: 0}
  m_NavMeshLayer: 0
  m_StaticEditorFlags: 0
  m_IsActive: 1
--- !u!1 &1673939240826168
GameObject:
  m_ObjectHideFlags: 1
  m_PrefabParentObject: {fileID: 0}
  m_PrefabInternal: {fileID: 100100000}
  serializedVersion: 5
  m_Component:
  - component: {fileID: 4890397576366450}
  m_Layer: 0
  m_Name: LeftHandMiddle3
  m_TagString: Untagged
  m_Icon: {fileID: 0}
  m_NavMeshLayer: 0
  m_StaticEditorFlags: 0
  m_IsActive: 1
--- !u!1 &1675137153308876
GameObject:
  m_ObjectHideFlags: 1
  m_PrefabParentObject: {fileID: 0}
  m_PrefabInternal: {fileID: 100100000}
  serializedVersion: 5
  m_Component:
  - component: {fileID: 4428363434856682}
  m_Layer: 0
  m_Name: RightHandMiddle1
  m_TagString: Untagged
  m_Icon: {fileID: 0}
  m_NavMeshLayer: 0
  m_StaticEditorFlags: 0
  m_IsActive: 1
--- !u!1 &1709548901981060
GameObject:
  m_ObjectHideFlags: 1
  m_PrefabParentObject: {fileID: 0}
  m_PrefabInternal: {fileID: 100100000}
  serializedVersion: 5
  m_Component:
  - component: {fileID: 4759340235223548}
  m_Layer: 0
  m_Name: Head
  m_TagString: Untagged
  m_Icon: {fileID: 0}
  m_NavMeshLayer: 0
  m_StaticEditorFlags: 0
  m_IsActive: 1
--- !u!1 &1735698129185570
GameObject:
  m_ObjectHideFlags: 1
  m_PrefabParentObject: {fileID: 0}
  m_PrefabInternal: {fileID: 100100000}
  serializedVersion: 5
  m_Component:
  - component: {fileID: 4536445991885608}
  m_Layer: 0
  m_Name: RightForeArm
  m_TagString: Untagged
  m_Icon: {fileID: 0}
  m_NavMeshLayer: 0
  m_StaticEditorFlags: 0
  m_IsActive: 1
--- !u!1 &1739634133498116
GameObject:
  m_ObjectHideFlags: 1
  m_PrefabParentObject: {fileID: 0}
  m_PrefabInternal: {fileID: 100100000}
  serializedVersion: 5
  m_Component:
  - component: {fileID: 4350190275516962}
  m_Layer: 0
  m_Name: LeftUpLeg
  m_TagString: Untagged
  m_Icon: {fileID: 0}
  m_NavMeshLayer: 0
  m_StaticEditorFlags: 0
  m_IsActive: 1
--- !u!1 &1778874195019862
GameObject:
  m_ObjectHideFlags: 1
  m_PrefabParentObject: {fileID: 0}
  m_PrefabInternal: {fileID: 100100000}
  serializedVersion: 5
  m_Component:
  - component: {fileID: 4619178369787566}
  m_Layer: 0
  m_Name: LeftForeArmTwist 1
  m_TagString: Untagged
  m_Icon: {fileID: 0}
  m_NavMeshLayer: 0
  m_StaticEditorFlags: 0
  m_IsActive: 1
--- !u!1 &1806658874780866
GameObject:
  m_ObjectHideFlags: 1
  m_PrefabParentObject: {fileID: 0}
  m_PrefabInternal: {fileID: 100100000}
  serializedVersion: 5
  m_Component:
  - component: {fileID: 4957788206758954}
  m_Layer: 0
  m_Name: RightShoulder
  m_TagString: Untagged
  m_Icon: {fileID: 0}
  m_NavMeshLayer: 0
  m_StaticEditorFlags: 0
  m_IsActive: 1
--- !u!1 &1807698601439006
GameObject:
  m_ObjectHideFlags: 1
  m_PrefabParentObject: {fileID: 0}
  m_PrefabInternal: {fileID: 100100000}
  serializedVersion: 5
  m_Component:
  - component: {fileID: 4102773316761074}
  m_Layer: 0
  m_Name: LeftHandThumb2
  m_TagString: Untagged
  m_Icon: {fileID: 0}
  m_NavMeshLayer: 0
  m_StaticEditorFlags: 0
  m_IsActive: 1
--- !u!1 &1818774598209052
GameObject:
  m_ObjectHideFlags: 1
  m_PrefabParentObject: {fileID: 0}
  m_PrefabInternal: {fileID: 100100000}
  serializedVersion: 5
  m_Component:
  - component: {fileID: 4681055605052112}
  m_Layer: 0
  m_Name: LeftHandRing2
  m_TagString: Untagged
  m_Icon: {fileID: 0}
  m_NavMeshLayer: 0
  m_StaticEditorFlags: 0
  m_IsActive: 1
--- !u!1 &1832002773232972
GameObject:
  m_ObjectHideFlags: 0
  m_PrefabParentObject: {fileID: 0}
  m_PrefabInternal: {fileID: 100100000}
  serializedVersion: 5
  m_Component:
  - component: {fileID: 4765600928502570}
  m_Layer: 0
  m_Name: Root
  m_TagString: Untagged
  m_Icon: {fileID: 0}
  m_NavMeshLayer: 0
  m_StaticEditorFlags: 0
  m_IsActive: 1
--- !u!1 &1845176273863244
GameObject:
  m_ObjectHideFlags: 1
  m_PrefabParentObject: {fileID: 0}
  m_PrefabInternal: {fileID: 100100000}
  serializedVersion: 5
  m_Component:
  - component: {fileID: 4242691773988104}
  m_Layer: 0
  m_Name: LeftArm
  m_TagString: Untagged
  m_Icon: {fileID: 0}
  m_NavMeshLayer: 0
  m_StaticEditorFlags: 0
  m_IsActive: 1
--- !u!1 &1865840101805478
GameObject:
  m_ObjectHideFlags: 1
  m_PrefabParentObject: {fileID: 0}
  m_PrefabInternal: {fileID: 100100000}
  serializedVersion: 5
  m_Component:
  - component: {fileID: 4560256437293696}
  m_Layer: 0
  m_Name: RightHandMiddle2
  m_TagString: Untagged
  m_Icon: {fileID: 0}
  m_NavMeshLayer: 0
  m_StaticEditorFlags: 0
  m_IsActive: 1
--- !u!1 &1880268352655486
GameObject:
  m_ObjectHideFlags: 1
  m_PrefabParentObject: {fileID: 0}
  m_PrefabInternal: {fileID: 100100000}
  serializedVersion: 5
  m_Component:
  - component: {fileID: 4165657289139286}
  m_Layer: 0
  m_Name: RightHandLittle1
  m_TagString: Untagged
  m_Icon: {fileID: 0}
  m_NavMeshLayer: 0
  m_StaticEditorFlags: 0
  m_IsActive: 1
--- !u!1 &1882060572871180
GameObject:
  m_ObjectHideFlags: 1
  m_PrefabParentObject: {fileID: 0}
  m_PrefabInternal: {fileID: 100100000}
  serializedVersion: 5
  m_Component:
  - component: {fileID: 4357975584063574}
  m_Layer: 0
  m_Name: RightUpLeg
  m_TagString: Untagged
  m_Icon: {fileID: 0}
  m_NavMeshLayer: 0
  m_StaticEditorFlags: 0
  m_IsActive: 1
--- !u!1 &1889649886588084
GameObject:
  m_ObjectHideFlags: 1
  m_PrefabParentObject: {fileID: 0}
  m_PrefabInternal: {fileID: 100100000}
  serializedVersion: 5
  m_Component:
  - component: {fileID: 4082357049231848}
  m_Layer: 0
  m_Name: LeftHandLittle1
  m_TagString: Untagged
  m_Icon: {fileID: 0}
  m_NavMeshLayer: 0
  m_StaticEditorFlags: 0
  m_IsActive: 1
--- !u!1 &1911859446747532
GameObject:
  m_ObjectHideFlags: 1
  m_PrefabParentObject: {fileID: 0}
  m_PrefabInternal: {fileID: 100100000}
  serializedVersion: 5
  m_Component:
  - component: {fileID: 4812141165946216}
  m_Layer: 0
  m_Name: Spine
  m_TagString: Untagged
  m_Icon: {fileID: 0}
  m_NavMeshLayer: 0
  m_StaticEditorFlags: 0
  m_IsActive: 1
--- !u!1 &1918909040547650
GameObject:
  m_ObjectHideFlags: 1
  m_PrefabParentObject: {fileID: 0}
  m_PrefabInternal: {fileID: 100100000}
  serializedVersion: 5
  m_Component:
  - component: {fileID: 4834517527302428}
  m_Layer: 0
  m_Name: RightHandThumb3
  m_TagString: Untagged
  m_Icon: {fileID: 0}
  m_NavMeshLayer: 0
  m_StaticEditorFlags: 0
  m_IsActive: 1
--- !u!1 &1973472362403912
GameObject:
  m_ObjectHideFlags: 1
  m_PrefabParentObject: {fileID: 0}
  m_PrefabInternal: {fileID: 100100000}
  serializedVersion: 5
  m_Component:
  - component: {fileID: 4700978648625520}
  m_Layer: 0
  m_Name: LeftHandRing1
  m_TagString: Untagged
  m_Icon: {fileID: 0}
  m_NavMeshLayer: 0
  m_StaticEditorFlags: 0
  m_IsActive: 1
--- !u!1 &1973480636792778
GameObject:
  m_ObjectHideFlags: 1
  m_PrefabParentObject: {fileID: 0}
  m_PrefabInternal: {fileID: 100100000}
  serializedVersion: 5
  m_Component:
  - component: {fileID: 4830176835771388}
  m_Layer: 0
  m_Name: RightHand
  m_TagString: Untagged
  m_Icon: {fileID: 0}
  m_NavMeshLayer: 0
  m_StaticEditorFlags: 0
  m_IsActive: 1
--- !u!4 &4042151264290410
Transform:
  m_ObjectHideFlags: 1
  m_PrefabParentObject: {fileID: 0}
  m_PrefabInternal: {fileID: 100100000}
  m_GameObject: {fileID: 1046679413377982}
  m_LocalRotation: {x: -0.000560307, y: 0.021335367, z: 0.21620356, w: 0.97611505}
  m_LocalPosition: {x: -0.02003291, y: -0.00000019378662, z: 0}
  m_LocalScale: {x: 0.9999763, y: 1, z: 1.0000238}
  m_Children:
  - {fileID: 4753985687174950}
  m_Father: {fileID: 4082357049231848}
  m_RootOrder: 0
  m_LocalEulerAnglesHint: {x: 0, y: 0, z: 0}
--- !u!4 &4074791233156108
Transform:
  m_ObjectHideFlags: 1
  m_PrefabParentObject: {fileID: 0}
  m_PrefabInternal: {fileID: 100100000}
  m_GameObject: {fileID: 1599584993007176}
  m_LocalRotation: {x: -0.029430358, y: 0.048015285, z: 0.2779089, w: 0.9589552}
  m_LocalPosition: {x: -0.09794179, y: 0.0011491546, z: -0.03131456}
  m_LocalScale: {x: 0.99999803, y: 1.0000024, z: 1}
  m_Children:
  - {fileID: 4732620289245776}
  m_Father: {fileID: 4830176835771388}
  m_RootOrder: 0
  m_LocalEulerAnglesHint: {x: 0, y: 0, z: 0}
--- !u!4 &4080423406473086
Transform:
  m_ObjectHideFlags: 1
  m_PrefabParentObject: {fileID: 0}
  m_PrefabInternal: {fileID: 100100000}
  m_GameObject: {fileID: 1510394540961148}
  m_LocalRotation: {x: 0.010262334, y: -0.0060623353, z: 0.33292478, w: 0.94287807}
  m_LocalPosition: {x: -0.023720935, y: -0.00000009689331, z: -0.000000048446655}
  m_LocalScale: {x: 0.99999946, y: 1.0000007, z: 1.0000002}
  m_Children: []
  m_Father: {fileID: 4185567719039418}
  m_RootOrder: 0
  m_LocalEulerAnglesHint: {x: 0, y: 0, z: 0}
--- !u!4 &4082357049231848
Transform:
  m_ObjectHideFlags: 1
  m_PrefabParentObject: {fileID: 0}
  m_PrefabInternal: {fileID: 100100000}
  m_GameObject: {fileID: 1889649886588084}
  m_LocalRotation: {x: -0.022828711, y: 0.058733314, z: 0.5146651, w: 0.85507256}
  m_LocalPosition: {x: -0.09842616, y: -0.0037613013, z: -0.037420098}
  m_LocalScale: {x: 0.99998915, y: 0.9999866, z: 1.0000242}
  m_Children:
  - {fileID: 4042151264290410}
  m_Father: {fileID: 4213582212684898}
  m_RootOrder: 1
  m_LocalEulerAnglesHint: {x: 0, y: 0, z: 0}
--- !u!4 &4102773316761074
Transform:
  m_ObjectHideFlags: 1
  m_PrefabParentObject: {fileID: 0}
  m_PrefabInternal: {fileID: 100100000}
  m_GameObject: {fileID: 1807698601439006}
  m_LocalRotation: {x: 0.042150136, y: 0.0370664, z: 0.16879658, w: 0.9840514}
  m_LocalPosition: {x: -0.044356402, y: 0.00000009689331, z: 0}
  m_LocalScale: {x: 0.99998456, y: 1.0000168, z: 0.99999934}
  m_Children:
  - {fileID: 4552420082044602}
  m_Father: {fileID: 4681459756095738}
  m_RootOrder: 0
  m_LocalEulerAnglesHint: {x: 0, y: 0, z: 0}
--- !u!4 &4137418086840662
Transform:
  m_ObjectHideFlags: 1
  m_PrefabParentObject: {fileID: 0}
  m_PrefabInternal: {fileID: 100100000}
  m_GameObject: {fileID: 1596949815415348}
  m_LocalRotation: {x: -0.024709914, y: 0.77267027, z: -0.023125008, w: 0.6339048}
  m_LocalPosition: {x: -0.13595691, y: -0.010296493, z: 0.04655161}
  m_LocalScale: {x: 1.0000001, y: 0.9999999, z: 0.99999994}
  m_Children:
  - {fileID: 4242691773988104}
  m_Father: {fileID: 4773214493306728}
  m_RootOrder: 0
  m_LocalEulerAnglesHint: {x: 0, y: 0, z: 0}
--- !u!4 &4155171535791706
Transform:
  m_ObjectHideFlags: 1
  m_PrefabParentObject: {fileID: 0}
  m_PrefabInternal: {fileID: 100100000}
  m_GameObject: {fileID: 1132897274932662}
  m_LocalRotation: {x: 0.21294984, y: 0.041207954, z: -0.5130607, w: 0.83049566}
  m_LocalPosition: {x: -0.41704184, y: 0.000000006055832, z: 0.000000012111664}
  m_LocalScale: {x: 1.0000077, y: 0.99999434, z: 0.9999982}
  m_Children:
  - {fileID: 4836542453655934}
  m_Father: {fileID: 4210190345415328}
  m_RootOrder: 0
  m_LocalEulerAnglesHint: {x: 0, y: 0, z: 0}
--- !u!4 &4165657289139286
Transform:
  m_ObjectHideFlags: 1
  m_PrefabParentObject: {fileID: 0}
  m_PrefabInternal: {fileID: 100100000}
  m_GameObject: {fileID: 1880268352655486}
  m_LocalRotation: {x: 0.06365615, y: 0.021887623, z: 0.3717929, w: 0.92587197}
  m_LocalPosition: {x: -0.09734638, y: -0.0039437516, z: 0.038371205}
  m_LocalScale: {x: 1.0000116, y: 0.9999888, z: 1.0000001}
  m_Children:
  - {fileID: 4185567719039418}
  m_Father: {fileID: 4830176835771388}
  m_RootOrder: 1
  m_LocalEulerAnglesHint: {x: 0, y: 0, z: 0}
--- !u!4 &4180326352758182
Transform:
  m_ObjectHideFlags: 1
  m_PrefabParentObject: {fileID: 0}
  m_PrefabInternal: {fileID: 100100000}
  m_GameObject: {fileID: 1605147202396780}
  m_LocalRotation: {x: 0.09622676, y: 0.0017317884, z: 0.24789593, w: 0.9639943}
  m_LocalPosition: {x: -0.09807909, y: -0.0024034386, z: 0.03143665}
  m_LocalScale: {x: 1.0000025, y: 0.99997234, z: 1.000025}
  m_Children:
  - {fileID: 4287652541789786}
  m_Father: {fileID: 4213582212684898}
  m_RootOrder: 0
  m_LocalEulerAnglesHint: {x: 0, y: 0, z: 0}
--- !u!4 &4185567719039418
Transform:
  m_ObjectHideFlags: 1
  m_PrefabParentObject: {fileID: 0}
  m_PrefabInternal: {fileID: 100100000}
  m_GameObject: {fileID: 1332569402006988}
  m_LocalRotation: {x: -0.21090294, y: -0.07648508, z: 0.296346, w: 0.92835826}
  m_LocalPosition: {x: -0.019189743, y: 0, z: 0}
  m_LocalScale: {x: 1.0000023, y: 0.9999969, z: 1.0000002}
  m_Children:
  - {fileID: 4080423406473086}
  m_Father: {fileID: 4165657289139286}
  m_RootOrder: 0
  m_LocalEulerAnglesHint: {x: 0, y: 0, z: 0}
--- !u!4 &4201974141487106
Transform:
  m_ObjectHideFlags: 1
  m_PrefabParentObject: {fileID: 0}
  m_PrefabInternal: {fileID: 100100000}
  m_GameObject: {fileID: 1542223820646870}
  m_LocalRotation: {x: 0.97698313, y: 0.18953413, z: -0.09623434, w: -0.017883666}
  m_LocalPosition: {x: -0.076872244, y: -0.02698559, z: -0.008505361}
  m_LocalScale: {x: 0.9999864, y: 1.0000012, z: 1.0000126}
  m_Children: []
  m_Father: {fileID: 4830176835771388}
  m_RootOrder: 5
  m_LocalEulerAnglesHint: {x: 0, y: 0, z: 0}
--- !u!4 &4210190345415328
Transform:
  m_ObjectHideFlags: 1
  m_PrefabParentObject: {fileID: 0}
  m_PrefabInternal: {fileID: 100100000}
  m_GameObject: {fileID: 1170449614356774}
  m_LocalRotation: {x: -0.00041213623, y: 0.016197816, z: 0.12805127, w: 0.9916352}
  m_LocalPosition: {x: -0.4537803, y: 0.0000024980307, z: 0.00000009689331}
  m_LocalScale: {x: 1.0000094, y: 0.9999999, z: 0.9999908}
  m_Children:
  - {fileID: 4155171535791706}
  m_Father: {fileID: 4357975584063574}
  m_RootOrder: 0
  m_LocalEulerAnglesHint: {x: 0, y: 0, z: 0}
--- !u!4 &4213582212684898
Transform:
  m_ObjectHideFlags: 1
  m_PrefabParentObject: {fileID: 0}
  m_PrefabInternal: {fileID: 100100000}
  m_GameObject: {fileID: 1525672019118538}
  m_LocalRotation: {x: -0.6340336, y: 0.05991183, z: 0.069557086, w: 0.7678371}
  m_LocalPosition: {x: -0.24999249, y: 0.00000009689331, z: 0}
  m_LocalScale: {x: 0.9999985, y: 0.99998736, z: 1.0000132}
  m_Children:
  - {fileID: 4180326352758182}
  - {fileID: 4082357049231848}
  - {fileID: 4638959333996200}
  - {fileID: 4700978648625520}
  - {fileID: 4681459756095738}
  m_Father: {fileID: 4405057651973450}
  m_RootOrder: 1
  m_LocalEulerAnglesHint: {x: 0, y: 0, z: 0}
--- !u!4 &4233304302689970
Transform:
  m_ObjectHideFlags: 1
  m_PrefabParentObject: {fileID: 0}
  m_PrefabInternal: {fileID: 100100000}
  m_GameObject: {fileID: 1325807183022340}
  m_LocalRotation: {x: 0.50000006, y: -0.50000006, z: -0.49999994, w: 0.49999994}
  m_LocalPosition: {x: 0, y: 0, z: 0}
  m_LocalScale: {x: 1, y: 1, z: 1}
  m_Children: []
  m_Father: {fileID: 4699407492700746}
  m_RootOrder: 0
  m_LocalEulerAnglesHint: {x: 0, y: 0, z: 0}
--- !u!4 &4242691773988104
Transform:
  m_ObjectHideFlags: 1
  m_PrefabParentObject: {fileID: 0}
  m_PrefabInternal: {fileID: 100100000}
  m_GameObject: {fileID: 1845176273863244}
  m_LocalRotation: {x: -0.28913254, y: 0.455114, z: -0.46206883, w: 0.70410657}
  m_LocalPosition: {x: -0.14276904, y: 0, z: -0.00000009689331}
  m_LocalScale: {x: 1.0000005, y: 0.9999978, z: 1.0000021}
  m_Children:
  - {fileID: 4405057651973450}
  m_Father: {fileID: 4137418086840662}
  m_RootOrder: 0
  m_LocalEulerAnglesHint: {x: 0, y: 0, z: 0}
--- !u!4 &4283381523615190
Transform:
  m_ObjectHideFlags: 1
  m_PrefabParentObject: {fileID: 0}
  m_PrefabInternal: {fileID: 100100000}
  m_GameObject: {fileID: 1546955461317686}
  m_LocalRotation: {x: -0.6700116, y: -0.29863575, z: -0.052464064, w: 0.6776051}
  m_LocalPosition: {x: -0.015644781, y: -0.017833117, z: -0.025121335}
  m_LocalScale: {x: 0.99999756, y: 0.9999988, z: 1.0000039}
  m_Children:
  - {fileID: 4926645717438788}
  m_Father: {fileID: 4830176835771388}
  m_RootOrder: 4
  m_LocalEulerAnglesHint: {x: 0, y: 0, z: 0}
--- !u!4 &4287652541789786
Transform:
  m_ObjectHideFlags: 1
  m_PrefabParentObject: {fileID: 0}
  m_PrefabInternal: {fileID: 100100000}
  m_GameObject: {fileID: 1268741526884728}
  m_LocalRotation: {x: -0.00078186917, y: -0.016542908, z: 0.37189767, w: 0.928126}
  m_LocalPosition: {x: -0.03493665, y: -0.00000009689331, z: -0.00000009689331}
  m_LocalScale: {x: 1.0000165, y: 0.9999593, z: 1.0000238}
  m_Children:
  - {fileID: 4995535815694616}
  m_Father: {fileID: 4180326352758182}
  m_RootOrder: 0
  m_LocalEulerAnglesHint: {x: 0, y: 0, z: 0}
--- !u!4 &4350190275516962
Transform:
  m_ObjectHideFlags: 1
  m_PrefabParentObject: {fileID: 0}
  m_PrefabInternal: {fileID: 100100000}
  m_GameObject: {fileID: 1739634133498116}
  m_LocalRotation: {x: -0.019987354, y: 0.99957657, z: 0.0035800645, w: 0.020841649}
  m_LocalPosition: {x: 0.00000019378662, y: 0.00000017608484, z: 0.09406086}
  m_LocalScale: {x: 0.9999999, y: 0.99999994, z: 1.0000001}
  m_Children:
  - {fileID: 4450930804808722}
  m_Father: {fileID: 4479932003957844}
  m_RootOrder: 0
  m_LocalEulerAnglesHint: {x: 0, y: 0, z: 0}
--- !u!4 &4357975584063574
Transform:
  m_ObjectHideFlags: 1
  m_PrefabParentObject: {fileID: 0}
  m_PrefabInternal: {fileID: 100100000}
  m_GameObject: {fileID: 1882060572871180}
  m_LocalRotation: {x: -0.02107714, y: 0.9995793, z: -0.0036403094, w: -0.019588964}
  m_LocalPosition: {x: -0, y: 0.00000017608428, z: -0.09406086}
  m_LocalScale: {x: 1, y: 1.0000001, z: 0.99999994}
  m_Children:
  - {fileID: 4210190345415328}
  m_Father: {fileID: 4479932003957844}
  m_RootOrder: 1
  m_LocalEulerAnglesHint: {x: 0, y: 0, z: 0}
--- !u!4 &4358882498576944
Transform:
  m_ObjectHideFlags: 1
  m_PrefabParentObject: {fileID: 0}
  m_PrefabInternal: {fileID: 100100000}
  m_GameObject: {fileID: 1636396097848578}
  m_LocalRotation: {x: -0.00032637446, y: 0.0009975429, z: -0.3256777, w: 0.9454803}
  m_LocalPosition: {x: -0.17033587, y: -0.000000018167496, z: 0.000000012111664}
  m_LocalScale: {x: 0.99999976, y: 1.0000001, z: 0.99999994}
  m_Children: []
  m_Father: {fileID: 4758521168315684}
  m_RootOrder: 0
  m_LocalEulerAnglesHint: {x: 0, y: 0, z: 0}
--- !u!4 &4405057651973450
Transform:
  m_ObjectHideFlags: 1
  m_PrefabParentObject: {fileID: 0}
  m_PrefabInternal: {fileID: 100100000}
  m_GameObject: {fileID: 1365628295790552}
  m_LocalRotation: {x: 0.01198517, y: -0.10531759, z: -0.37670234, w: 0.92024994}
  m_LocalPosition: {x: -0.24684764, y: 0, z: 0}
  m_LocalScale: {x: 1.0000008, y: 1.0000066, z: 0.99999255}
  m_Children:
  - {fileID: 4993819795399804}
  - {fileID: 4213582212684898}
  m_Father: {fileID: 4242691773988104}
  m_RootOrder: 0
  m_LocalEulerAnglesHint: {x: 0, y: 0, z: 0}
--- !u!4 &4428363434856682
Transform:
  m_ObjectHideFlags: 1
  m_PrefabParentObject: {fileID: 0}
  m_PrefabInternal: {fileID: 100100000}
  m_GameObject: {fileID: 1675137153308876}
  m_LocalRotation: {x: 0.014841594, y: 0.010630234, z: 0.37531254, w: 0.92671853}
  m_LocalPosition: {x: -0.10139333, y: -0.0012892623, z: -0.0051742964}
  m_LocalScale: {x: 1.0000116, y: 0.9999887, z: 0.99999994}
  m_Children:
  - {fileID: 4560256437293696}
  m_Father: {fileID: 4830176835771388}
  m_RootOrder: 2
  m_LocalEulerAnglesHint: {x: 0, y: 0, z: 0}
--- !u!4 &4433365914754604
Transform:
  m_ObjectHideFlags: 1
  m_PrefabParentObject: {fileID: 0}
  m_PrefabInternal: {fileID: 100100000}
  m_GameObject: {fileID: 1078935355787248}
  m_LocalRotation: {x: 0.24556236, y: -0.38819322, z: -0.45046064, w: 0.7655654}
  m_LocalPosition: {x: -0.14408961, y: 7.56979e-10, z: -0.00000009689331}
  m_LocalScale: {x: 0.9999999, y: 1.0000006, z: 0.99999964}
  m_Children:
  - {fileID: 4536445991885608}
  m_Father: {fileID: 4957788206758954}
  m_RootOrder: 0
  m_LocalEulerAnglesHint: {x: 0, y: 0, z: 0}
--- !u!4 &4450930804808722
Transform:
  m_ObjectHideFlags: 1
  m_PrefabParentObject: {fileID: 0}
  m_PrefabInternal: {fileID: 100100000}
  m_GameObject: {fileID: 1434788511460794}
  m_LocalRotation: {x: -0.000650858, y: -0.0008696728, z: 0.12704523, w: 0.99189633}
  m_LocalPosition: {x: -0.45378047, y: 0.000002549505, z: 0.00000020589829}
  m_LocalScale: {x: 0.99999905, y: 1, z: 1.0000008}
  m_Children:
  - {fileID: 4758521168315684}
  m_Father: {fileID: 4350190275516962}
  m_RootOrder: 0
  m_LocalEulerAnglesHint: {x: 0, y: 0, z: 0}
--- !u!4 &4479932003957844
Transform:
  m_ObjectHideFlags: 1
  m_PrefabParentObject: {fileID: 0}
  m_PrefabInternal: {fileID: 100100000}
  m_GameObject: {fileID: 1009442799387948}
  m_LocalRotation: {x: 1.13684906e-13, y: -1.2095868e-12, z: -1.7053026e-13, w: 1}
  m_LocalPosition: {x: -0.96896243, y: -0.000000005054581, z: 0.0000015726524}
  m_LocalScale: {x: 0.99999994, y: 1, z: 1}
  m_Children:
  - {fileID: 4350190275516962}
  - {fileID: 4357975584063574}
  - {fileID: 4812141165946216}
  m_Father: {fileID: 4765600928502570}
  m_RootOrder: 0
  m_LocalEulerAnglesHint: {x: 0, y: 0, z: 0}
--- !u!4 &4488733055853420
Transform:
  m_ObjectHideFlags: 1
  m_PrefabParentObject: {fileID: 0}
  m_PrefabInternal: {fileID: 100100000}
  m_GameObject: {fileID: 1426772708312928}
  m_LocalRotation: {x: -0.0000010389195, y: 0.000005360612, z: -0.21189384, w: 0.9772927}
  m_LocalPosition: {x: -0.1377692, y: -0.025584206, z: -0.00000004209291}
  m_LocalScale: {x: 0.9999999, y: 0.99999994, z: 0.99999994}
  m_Children:
  - {fileID: 4759340235223548}
  m_Father: {fileID: 4773214493306728}
  m_RootOrder: 1
  m_LocalEulerAnglesHint: {x: 0, y: 0, z: 0}
--- !u!4 &4536445991885608
Transform:
  m_ObjectHideFlags: 1
  m_PrefabParentObject: {fileID: 0}
  m_PrefabInternal: {fileID: 100100000}
  m_GameObject: {fileID: 1735698129185570}
  m_LocalRotation: {x: -0.011459703, y: 0.08344792, z: -0.41232687, w: 0.9071338}
  m_LocalPosition: {x: -0.24254261, y: 0, z: 0}
  m_LocalScale: {x: 1.0000007, y: 0.9999995, z: 1.0000001}
  m_Children:
  - {fileID: 4619178369787566}
  - {fileID: 4830176835771388}
  m_Father: {fileID: 4433365914754604}
  m_RootOrder: 0
  m_LocalEulerAnglesHint: {x: 0, y: 0, z: 0}
--- !u!4 &4552420082044602
Transform:
  m_ObjectHideFlags: 1
  m_PrefabParentObject: {fileID: 0}
  m_PrefabInternal: {fileID: 100100000}
  m_GameObject: {fileID: 1065334333700720}
  m_LocalRotation: {x: -0.023045413, y: 0.0071040383, z: 0.29968852, w: 0.9537323}
  m_LocalPosition: {x: -0.043352876, y: 0.000000048446655, z: 0.00000009689331}
  m_LocalScale: {x: 0.99998224, y: 1.0000186, z: 0.9999988}
  m_Children: []
  m_Father: {fileID: 4102773316761074}
  m_RootOrder: 0
  m_LocalEulerAnglesHint: {x: 0, y: 0, z: 0}
--- !u!4 &4560256437293696
Transform:
  m_ObjectHideFlags: 1
  m_PrefabParentObject: {fileID: 0}
  m_PrefabInternal: {fileID: 100100000}
  m_GameObject: {fileID: 1865840101805478}
  m_LocalRotation: {x: -0.032166258, y: 0.013698904, z: 0.39247918, w: 0.9190962}
  m_LocalPosition: {x: -0.0402072, y: 0, z: 0}
  m_LocalScale: {x: 1.0000064, y: 0.9999936, z: 1.0000002}
  m_Children:
  - {fileID: 4755748262757966}
  m_Father: {fileID: 4428363434856682}
  m_RootOrder: 0
  m_LocalEulerAnglesHint: {x: 0, y: 0, z: 0}
--- !u!4 &4572813343165280
Transform:
  m_ObjectHideFlags: 1
  m_PrefabParentObject: {fileID: 0}
  m_PrefabInternal: {fileID: 100100000}
  m_GameObject: {fileID: 1178980491879552}
  m_LocalRotation: {x: 0.009724188, y: 0.03227077, z: 0.3378039, w: 0.9406129}
  m_LocalPosition: {x: -0.0237969, y: 0.00000009689331, z: 0.00000009689331}
  m_LocalScale: {x: 0.9999902, y: 1.0000099, z: 0.99999994}
  m_Children: []
  m_Father: {fileID: 4732620289245776}
  m_RootOrder: 0
  m_LocalEulerAnglesHint: {x: 0, y: 0, z: 0}
--- !u!4 &4619178369787566
Transform:
  m_ObjectHideFlags: 1
  m_PrefabParentObject: {fileID: 0}
  m_PrefabInternal: {fileID: 100100000}
  m_GameObject: {fileID: 1778874195019862}
  m_LocalRotation: {x: -0.7093582, y: 0.0000010420174, z: 0.00000035103537, w: 0.7048482}
  m_LocalPosition: {x: -0.137398, y: 0.00001608429, z: -0.0007089199}
  m_LocalScale: {x: 1.0000029, y: 0.9999976, z: 0.99999994}
  m_Children: []
  m_Father: {fileID: 4536445991885608}
  m_RootOrder: 0
  m_LocalEulerAnglesHint: {x: 0, y: 0, z: 0}
--- !u!4 &4619478514451628
Transform:
  m_ObjectHideFlags: 1
  m_PrefabParentObject: {fileID: 0}
  m_PrefabInternal: {fileID: 100100000}
  m_GameObject: {fileID: 1522007759334600}
  m_LocalRotation: {x: -0.033648025, y: -0.004353603, z: 0.42871022, w: 0.90280473}
  m_LocalPosition: {x: -0.03156823, y: 0, z: 0.00000009689331}
  m_LocalScale: {x: 0.9999872, y: 0.9999894, z: 1.0000243}
  m_Children: []
  m_Father: {fileID: 4681055605052112}
  m_RootOrder: 0
  m_LocalEulerAnglesHint: {x: 0, y: 0, z: 0}
--- !u!4 &4638959333996200
Transform:
  m_ObjectHideFlags: 1
  m_PrefabParentObject: {fileID: 0}
  m_PrefabInternal: {fileID: 100100000}
  m_GameObject: {fileID: 1627006420404780}
  m_LocalRotation: {x: -0.01110424, y: -0.025076209, z: 0.3861153, w: 0.9220428}
  m_LocalPosition: {x: -0.10110003, y: 0.0029874146, z: 0.0068513257}
  m_LocalScale: {x: 1.000007, y: 0.9999692, z: 1.000024}
  m_Children:
  - {fileID: 4645635230383126}
  m_Father: {fileID: 4213582212684898}
  m_RootOrder: 2
  m_LocalEulerAnglesHint: {x: 0, y: 0, z: 0}
--- !u!4 &4645635230383126
Transform:
  m_ObjectHideFlags: 1
  m_PrefabParentObject: {fileID: 0}
  m_PrefabInternal: {fileID: 100100000}
  m_GameObject: {fileID: 1365819857098950}
  m_LocalRotation: {x: 0.055560857, y: 0.011935447, z: 0.42849636, w: 0.9017547}
  m_LocalPosition: {x: -0.043075107, y: -0.00000009689331, z: 0}
  m_LocalScale: {x: 0.9999997, y: 0.99997544, z: 1.0000249}
  m_Children:
  - {fileID: 4890397576366450}
  m_Father: {fileID: 4638959333996200}
  m_RootOrder: 0
  m_LocalEulerAnglesHint: {x: 0, y: 0, z: 0}
--- !u!4 &4681055605052112
Transform:
  m_ObjectHideFlags: 1
  m_PrefabParentObject: {fileID: 0}
  m_PrefabInternal: {fileID: 100100000}
  m_GameObject: {fileID: 1818774598209052}
  m_LocalRotation: {x: 0.018556923, y: -0.0030039756, z: 0.45330423, w: 0.8911576}
  m_LocalPosition: {x: -0.035106916, y: 0, z: -0.00000009689331}
  m_LocalScale: {x: 1.0000018, y: 0.9999745, z: 1.0000241}
  m_Children:
  - {fileID: 4619478514451628}
  m_Father: {fileID: 4700978648625520}
  m_RootOrder: 0
  m_LocalEulerAnglesHint: {x: 0, y: 0, z: 0}
--- !u!4 &4681459756095738
Transform:
  m_ObjectHideFlags: 1
  m_PrefabParentObject: {fileID: 0}
  m_PrefabInternal: {fileID: 100100000}
  m_GameObject: {fileID: 1119252287531430}
  m_LocalRotation: {x: 0.6759862, y: 0.29971364, z: -0.022676354, w: 0.6728301}
  m_LocalPosition: {x: -0.012942427, y: -0.015985653, z: 0.026062943}
  m_LocalScale: {x: 1.0000223, y: 0.9999458, z: 1.0000321}
  m_Children:
  - {fileID: 4102773316761074}
  m_Father: {fileID: 4213582212684898}
  m_RootOrder: 4
  m_LocalEulerAnglesHint: {x: 0, y: 0, z: 0}
--- !u!4 &4699407492700746
Transform:
  m_ObjectHideFlags: 1
  m_PrefabParentObject: {fileID: 0}
  m_PrefabInternal: {fileID: 100100000}
  m_GameObject: {fileID: 1090001346386216}
  m_LocalRotation: {x: 0.27990338, y: 0.14317065, z: 0.19041665, w: 0.9299988}
  m_LocalPosition: {x: 0.05013421, y: -1.0419445, z: -1.2369821}
  m_LocalScale: {x: 1, y: 1, z: 1}
  m_Children:
  - {fileID: 4233304302689970}
  - {fileID: 4865671524580922}
  - {fileID: 4894718913438154}
  - {fileID: 4763210662555734}
  - {fileID: 4836071956660196}
  - {fileID: 4765600928502570}
  m_Father: {fileID: 0}
  m_RootOrder: 0
  m_LocalEulerAnglesHint: {x: 27.781002, y: 24.928001, z: 29.400002}
--- !u!4 &4700978648625520
Transform:
  m_ObjectHideFlags: 1
  m_PrefabParentObject: {fileID: 0}
  m_PrefabInternal: {fileID: 100100000}
  m_GameObject: {fileID: 1973472362403912}
  m_LocalRotation: {x: -0.045575712, y: -0.009956697, z: 0.39883915, w: 0.91583353}
  m_LocalPosition: {x: -0.0980131, y: 0.0023811532, z: -0.016182346}
  m_LocalScale: {x: 1.0000073, y: 0.9999687, z: 1.0000241}
  m_Children:
  - {fileID: 4681055605052112}
  m_Father: {fileID: 4213582212684898}
  m_RootOrder: 3
  m_LocalEulerAnglesHint: {x: 0, y: 0, z: 0}
--- !u!4 &4732620289245776
Transform:
  m_ObjectHideFlags: 1
  m_PrefabParentObject: {fileID: 0}
  m_PrefabInternal: {fileID: 100100000}
  m_GameObject: {fileID: 1350272613397294}
  m_LocalRotation: {x: 0.007773539, y: 0.0015327648, z: 0.10105088, w: 0.99484974}
  m_LocalPosition: {x: -0.03479446, y: 0, z: 0}
  m_LocalScale: {x: 0.9999945, y: 1.0000058, z: 1}
  m_Children:
  - {fileID: 4572813343165280}
  m_Father: {fileID: 4074791233156108}
  m_RootOrder: 0
  m_LocalEulerAnglesHint: {x: 0, y: 0, z: 0}
--- !u!4 &4753985687174950
Transform:
  m_ObjectHideFlags: 1
  m_PrefabParentObject: {fileID: 0}
  m_PrefabInternal: {fileID: 100100000}
  m_GameObject: {fileID: 1112780910003776}
  m_LocalRotation: {x: 0.00208434, y: 0.015441644, z: 0.5243322, w: 0.8513712}
  m_LocalPosition: {x: -0.020861179, y: -0.00000009689331, z: 0}
  m_LocalScale: {x: 0.9999554, y: 1.0000207, z: 1.0000242}
  m_Children: []
  m_Father: {fileID: 4042151264290410}
  m_RootOrder: 0
  m_LocalEulerAnglesHint: {x: 0, y: 0, z: 0}
--- !u!4 &4755748262757966
Transform:
  m_ObjectHideFlags: 1
  m_PrefabParentObject: {fileID: 0}
  m_PrefabInternal: {fileID: 100100000}
  m_GameObject: {fileID: 1234410566782014}
  m_LocalRotation: {x: 0.005017438, y: -0.0022776723, z: 0.40412977, w: 0.91468513}
  m_LocalPosition: {x: -0.02991048, y: 0, z: 0}
  m_LocalScale: {x: 1.0000008, y: 0.99999905, z: 0.9999998}
  m_Children: []
  m_Father: {fileID: 4560256437293696}
  m_RootOrder: 0
  m_LocalEulerAnglesHint: {x: 0, y: 0, z: 0}
--- !u!4 &4758521168315684
Transform:
  m_ObjectHideFlags: 1
  m_PrefabParentObject: {fileID: 0}
  m_PrefabInternal: {fileID: 100100000}
  m_GameObject: {fileID: 1656030105388300}
  m_LocalRotation: {x: -0.19903836, y: -0.04992643, z: -0.51681215, w: 0.83114165}
  m_LocalPosition: {x: -0.41633433, y: -0.000000012111664, z: -0.000000024223327}
  m_LocalScale: {x: 0.99999964, y: 1.0000004, z: 1.0000001}
  m_Children:
  - {fileID: 4358882498576944}
  m_Father: {fileID: 4450930804808722}
  m_RootOrder: 0
  m_LocalEulerAnglesHint: {x: 0, y: 0, z: 0}
--- !u!4 &4759340235223548
Transform:
  m_ObjectHideFlags: 1
  m_PrefabParentObject: {fileID: 0}
  m_PrefabInternal: {fileID: 100100000}
  m_GameObject: {fileID: 1709548901981060}
  m_LocalRotation: {x: 0.00000066229325, y: -0.000004876919, z: 0.1328487, w: 0.9911364}
  m_LocalPosition: {x: -0.11376127, y: -0.0061134836, z: 0.000000032288405}
  m_LocalScale: {x: 1.0000001, y: 1, z: 0.99999994}
  m_Children: []
  m_Father: {fileID: 4488733055853420}
  m_RootOrder: 0
  m_LocalEulerAnglesHint: {x: 0, y: 0, z: 0}
--- !u!4 &4763210662555734
Transform:
  m_ObjectHideFlags: 1
  m_PrefabParentObject: {fileID: 0}
  m_PrefabInternal: {fileID: 100100000}
  m_GameObject: {fileID: 1175898740216054}
  m_LocalRotation: {x: 0.5213339, y: -0.5213339, z: -0.47771436, w: 0.47771436}
  m_LocalPosition: {x: -0.17501634, y: 0, z: 0.013675377}
  m_LocalScale: {x: 1, y: 1, z: 1}
  m_Children: []
  m_Father: {fileID: 4699407492700746}
  m_RootOrder: 3
  m_LocalEulerAnglesHint: {x: 0, y: 0, z: 0}
--- !u!4 &4765600928502570
Transform:
  m_ObjectHideFlags: 1
  m_PrefabParentObject: {fileID: 0}
  m_PrefabInternal: {fileID: 100100000}
  m_GameObject: {fileID: 1832002773232972}
  m_LocalRotation: {x: 0.50000066, y: -0.50000066, z: -0.49999934, w: 0.49999934}
  m_LocalPosition: {x: 0, y: 0, z: 0}
  m_LocalScale: {x: 1, y: 1, z: 1}
  m_Children:
  - {fileID: 4479932003957844}
  m_Father: {fileID: 4699407492700746}
  m_RootOrder: 5
  m_LocalEulerAnglesHint: {x: 0, y: 0, z: 0}
--- !u!4 &4773214493306728
Transform:
  m_ObjectHideFlags: 1
  m_PrefabParentObject: {fileID: 0}
  m_PrefabInternal: {fileID: 100100000}
  m_GameObject: {fileID: 1602446931893510}
  m_LocalRotation: {x: 2.6715748e-12, y: 0.000000016714923, z: -4.4655164e-20, w: 1}
  m_LocalPosition: {x: -0.21808039, y: 0, z: -1.8480932e-13}
  m_LocalScale: {x: 0.99999994, y: 1, z: 0.99999994}
  m_Children:
  - {fileID: 4137418086840662}
  - {fileID: 4488733055853420}
  - {fileID: 4957788206758954}
  m_Father: {fileID: 4812141165946216}
  m_RootOrder: 0
  m_LocalEulerAnglesHint: {x: 0, y: 0, z: 0}
--- !u!4 &4803383150135958
Transform:
  m_ObjectHideFlags: 1
  m_PrefabParentObject: {fileID: 0}
  m_PrefabInternal: {fileID: 100100000}
  m_GameObject: {fileID: 1215912708770504}
  m_LocalRotation: {x: -0.009360639, y: -0.014967211, z: 0.3031714, w: 0.9527725}
  m_LocalPosition: {x: -0.030995395, y: -0.00000009689331, z: 0}
  m_LocalScale: {x: 0.99999875, y: 1.0000014, z: 1.0000001}
  m_Children: []
  m_Father: {fileID: 4975828166790038}
  m_RootOrder: 0
  m_LocalEulerAnglesHint: {x: 0, y: 0, z: 0}
--- !u!4 &4812141165946216
Transform:
  m_ObjectHideFlags: 1
  m_PrefabParentObject: {fileID: 0}
  m_PrefabInternal: {fileID: 100100000}
  m_GameObject: {fileID: 1911859446747532}
  m_LocalRotation: {x: -0.0000021457804, y: 0.00000071521583, z: 0.00001859665, w: 1}
  m_LocalPosition: {x: -0.19864476, y: -0.00010238902, z: 0.00000044309365}
  m_LocalScale: {x: 1, y: 1, z: 0.99999994}
  m_Children:
  - {fileID: 4773214493306728}
  m_Father: {fileID: 4479932003957844}
  m_RootOrder: 2
  m_LocalEulerAnglesHint: {x: 0, y: 0, z: 0}
--- !u!4 &4830176835771388
Transform:
  m_ObjectHideFlags: 1
  m_PrefabParentObject: {fileID: 0}
  m_PrefabInternal: {fileID: 100100000}
  m_GameObject: {fileID: 1973480636792778}
  m_LocalRotation: {x: 0.7079874, y: -0.08317759, z: 0.036397923, w: 0.70036453}
  m_LocalPosition: {x: -0.25597614, y: 0, z: -0.000000048446655}
  m_LocalScale: {x: 1.0000057, y: 0.99999475, z: 1}
  m_Children:
  - {fileID: 4074791233156108}
  - {fileID: 4165657289139286}
  - {fileID: 4428363434856682}
  - {fileID: 4964470634189778}
  - {fileID: 4283381523615190}
  - {fileID: 4201974141487106}
  m_Father: {fileID: 4536445991885608}
  m_RootOrder: 1
  m_LocalEulerAnglesHint: {x: 0, y: 0, z: 0}
--- !u!4 &4834517527302428
Transform:
  m_ObjectHideFlags: 1
  m_PrefabParentObject: {fileID: 0}
  m_PrefabInternal: {fileID: 100100000}
  m_GameObject: {fileID: 1918909040547650}
  m_LocalRotation: {x: 0.0013001671, y: 0.005376855, z: 0.1520477, w: 0.9883577}
  m_LocalPosition: {x: -0.038125966, y: 0, z: 0}
  m_LocalScale: {x: 0.9999939, y: 1.0000002, z: 1.0000057}
  m_Children: []
  m_Father: {fileID: 4926645717438788}
  m_RootOrder: 0
  m_LocalEulerAnglesHint: {x: 0, y: 0, z: 0}
--- !u!4 &4836071956660196
Transform:
  m_ObjectHideFlags: 1
  m_PrefabParentObject: {fileID: 0}
  m_PrefabInternal: {fileID: 100100000}
  m_GameObject: {fileID: 1601512970678258}
  m_LocalRotation: {x: 0.47771448, y: -0.47771448, z: -0.52133375, w: 0.52133375}
  m_LocalPosition: {x: 0.17501634, y: 0, z: 0.013675466}
  m_LocalScale: {x: 1, y: 1, z: 1}
  m_Children: []
  m_Father: {fileID: 4699407492700746}
  m_RootOrder: 4
  m_LocalEulerAnglesHint: {x: 0, y: 0, z: 0}
--- !u!4 &4836542453655934
Transform:
  m_ObjectHideFlags: 1
  m_PrefabParentObject: {fileID: 0}
  m_PrefabInternal: {fileID: 100100000}
  m_GameObject: {fileID: 1591791530370078}
  m_LocalRotation: {x: 0.00062239764, y: -0.0018540091, z: -0.32526597, w: 0.9456206}
  m_LocalPosition: {x: -0.17033598, y: 0.000000006055832, z: 0.000000012111664}
  m_LocalScale: {x: 1.0000032, y: 0.99999654, z: 0.99999994}
  m_Children: []
  m_Father: {fileID: 4155171535791706}
  m_RootOrder: 0
  m_LocalEulerAnglesHint: {x: 0, y: 0, z: 0}
--- !u!4 &4865671524580922
Transform:
  m_ObjectHideFlags: 1
  m_PrefabParentObject: {fileID: 0}
  m_PrefabInternal: {fileID: 100100000}
  m_GameObject: {fileID: 1228775258850540}
  m_LocalRotation: {x: -5.302452e-33, y: 0.7071068, z: 5.302452e-33, w: 0.7071068}
  m_LocalPosition: {x: 0.011001654, y: 1.6032419, z: 0.18598884}
  m_LocalScale: {x: 1, y: 1, z: 1}
  m_Children: []
  m_Father: {fileID: 4699407492700746}
  m_RootOrder: 1
  m_LocalEulerAnglesHint: {x: 0, y: 0, z: 0}
--- !u!4 &4890397576366450
Transform:
  m_ObjectHideFlags: 1
  m_PrefabParentObject: {fileID: 0}
  m_PrefabInternal: {fileID: 100100000}
  m_GameObject: {fileID: 1673939240826168}
  m_LocalRotation: {x: -0.0038535544, y: 0.008487069, z: 0.3474908, w: 0.9376371}
  m_LocalPosition: {x: -0.02423321, y: 0, z: -0.00000009689331}
  m_LocalScale: {x: 0.9999838, y: 0.9999921, z: 1.0000237}
  m_Children: []
  m_Father: {fileID: 4645635230383126}
  m_RootOrder: 0
  m_LocalEulerAnglesHint: {x: 0, y: 0, z: 0}
--- !u!4 &4894718913438154
Transform:
  m_ObjectHideFlags: 1
  m_PrefabParentObject: {fileID: 0}
  m_PrefabInternal: {fileID: 100100000}
  m_GameObject: {fileID: 1292851992790592}
  m_LocalRotation: {x: 0.000000057601163, y: 0.7071067, z: -0.000000057601152, w: 0.7071068}
  m_LocalPosition: {x: 0, y: -0.020223558, z: -0.07744876}
  m_LocalScale: {x: 0.94513464, y: 0.9451349, z: 0.94513464}
  m_Children: []
  m_Father: {fileID: 4699407492700746}
  m_RootOrder: 2
  m_LocalEulerAnglesHint: {x: 0, y: 0, z: 0}
--- !u!4 &4926645717438788
Transform:
  m_ObjectHideFlags: 1
  m_PrefabParentObject: {fileID: 0}
  m_PrefabInternal: {fileID: 100100000}
  m_GameObject: {fileID: 1284616714020680}
  m_LocalRotation: {x: -0.004993998, y: -0.03215702, z: 0.18808801, w: 0.9816129}
  m_LocalPosition: {x: -0.045030873, y: 0, z: 0}
  m_LocalScale: {x: 0.9999946, y: 0.99999976, z: 1.0000056}
  m_Children:
  - {fileID: 4834517527302428}
  m_Father: {fileID: 4283381523615190}
  m_RootOrder: 0
  m_LocalEulerAnglesHint: {x: 0, y: 0, z: 0}
--- !u!4 &4957788206758954
Transform:
  m_ObjectHideFlags: 1
  m_PrefabParentObject: {fileID: 0}
  m_PrefabInternal: {fileID: 100100000}
  m_GameObject: {fileID: 1806658874780866}
  m_LocalRotation: {x: 0.02423385, y: -0.76465863, z: -0.023131818, w: 0.64356416}
  m_LocalPosition: {x: -0.13595681, y: -0.010296493, z: -0.04655163}
  m_LocalScale: {x: 1, y: 1.0000001, z: 1}
  m_Children:
  - {fileID: 4433365914754604}
  m_Father: {fileID: 4773214493306728}
  m_RootOrder: 2
  m_LocalEulerAnglesHint: {x: 0, y: 0, z: 0}
--- !u!4 &4964470634189778
Transform:
  m_ObjectHideFlags: 1
  m_PrefabParentObject: {fileID: 0}
  m_PrefabInternal: {fileID: 100100000}
  m_GameObject: {fileID: 1420790366878198}
  m_LocalRotation: {x: 0.067910284, y: 0.04959552, z: 0.32957718, w: 0.9403762}
  m_LocalPosition: {x: -0.10192701, y: -0.0025176757, z: 0.017216973}
  m_LocalScale: {x: 1.0000105, y: 0.99998987, z: 1}
  m_Children:
  - {fileID: 4975828166790038}
  m_Father: {fileID: 4830176835771388}
  m_RootOrder: 3
  m_LocalEulerAnglesHint: {x: 0, y: 0, z: 0}
--- !u!4 &4975828166790038
Transform:
  m_ObjectHideFlags: 1
  m_PrefabParentObject: {fileID: 0}
  m_PrefabInternal: {fileID: 100100000}
  m_GameObject: {fileID: 1002796707067740}
  m_LocalRotation: {x: -0.02119536, y: 0.025356812, z: 0.47503185, w: 0.8793478}
  m_LocalPosition: {x: -0.02828501, y: 0.00000009689331, z: 0}
  m_LocalScale: {x: 1.0000107, y: 0.99998933, z: 1.0000002}
  m_Children:
  - {fileID: 4803383150135958}
  m_Father: {fileID: 4964470634189778}
  m_RootOrder: 0
  m_LocalEulerAnglesHint: {x: 0, y: 0, z: 0}
--- !u!4 &4993819795399804
Transform:
  m_ObjectHideFlags: 1
  m_PrefabParentObject: {fileID: 0}
  m_PrefabInternal: {fileID: 100100000}
  m_GameObject: {fileID: 1269953214075284}
  m_LocalRotation: {x: 0.7235531, y: -0.0000009744899, z: 0.00000091354184, w: 0.6902687}
  m_LocalPosition: {x: -0.12826814, y: -0.00000038757324, z: 0.0000006298065}
  m_LocalScale: {x: 0.99999845, y: 0.99998796, z: 1.0000129}
  m_Children: []
  m_Father: {fileID: 4405057651973450}
  m_RootOrder: 0
  m_LocalEulerAnglesHint: {x: 0, y: 0, z: 0}
--- !u!4 &4995535815694616
Transform:
  m_ObjectHideFlags: 1
  m_PrefabParentObject: {fileID: 0}
  m_PrefabInternal: {fileID: 100100000}
  m_GameObject: {fileID: 1594788279536882}
  m_LocalRotation: {x: -0.06357173, y: 0.025561871, z: 0.31431332, w: 0.9468434}
  m_LocalPosition: {x: -0.02595171, y: 0, z: 0}
  m_LocalScale: {x: 0.9999975, y: 0.9999765, z: 1.0000263}
  m_Children: []
  m_Father: {fileID: 4287652541789786}
  m_RootOrder: 0
  m_LocalEulerAnglesHint: {x: 0, y: 0, z: 0}
--- !u!137 &137091921873782300
SkinnedMeshRenderer:
  m_ObjectHideFlags: 1
  m_PrefabParentObject: {fileID: 0}
  m_PrefabInternal: {fileID: 100100000}
  m_GameObject: {fileID: 1292851992790592}
  m_Enabled: 1
  m_CastShadows: 1
  m_ReceiveShadows: 1
  m_MotionVectors: 1
  m_LightProbeUsage: 1
  m_ReflectionProbeUsage: 1
  m_Materials:
  - {fileID: 2100000, guid: 20691e97c267cbb469a92852de21818e, type: 2}
  m_StaticBatchInfo:
    firstSubMesh: 0
    subMeshCount: 0
  m_StaticBatchRoot: {fileID: 0}
  m_ProbeAnchor: {fileID: 0}
  m_LightProbeVolumeOverride: {fileID: 0}
  m_ScaleInLightmap: 1
  m_PreserveUVs: 0
  m_IgnoreNormalsForChartDetection: 0
  m_ImportantGI: 0
  m_SelectedEditorRenderState: 3
  m_MinimumChartSize: 4
  m_AutoUVMaxDistance: 0.5
  m_AutoUVMaxAngle: 89
  m_LightmapParameters: {fileID: 0}
  m_SortingLayerID: 0
  m_SortingOrder: 0
  serializedVersion: 2
  m_Quality: 0
  m_UpdateWhenOffscreen: 0
  m_SkinnedMotionVectors: 1
  m_Mesh: {fileID: 4300000, guid: 4b261047cf04e3345b98463a11da6673, type: 3}
  m_Bones:
  - {fileID: 4830176835771388}
  - {fileID: 4283381523615190}
  - {fileID: 4926645717438788}
  - {fileID: 4074791233156108}
  - {fileID: 4834517527302428}
  - {fileID: 4619178369787566}
  - {fileID: 4165657289139286}
  - {fileID: 4428363434856682}
  - {fileID: 4964470634189778}
  - {fileID: 4975828166790038}
  - {fileID: 4185567719039418}
  - {fileID: 4536445991885608}
  - {fileID: 4560256437293696}
  - {fileID: 4732620289245776}
  - {fileID: 4572813343165280}
  - {fileID: 4803383150135958}
  - {fileID: 4080423406473086}
  - {fileID: 4755748262757966}
  m_BlendShapeWeights: []
  m_RootBone: {fileID: 4536445991885608}
  m_AABB:
    m_Center: {x: -0.3065694, y: 0.011226557, z: -0.02750321}
    m_Extent: {x: 0.09445965, y: 0.069501124, z: 0.070224725}
  m_DirtyAABB: 0
