%YAML 1.1
%TAG !u! tag:unity3d.com,2011:
--- !u!1001 &100100000
Prefab:
  m_ObjectHideFlags: 1
  serializedVersion: 2
  m_Modification:
    m_TransformParent: {fileID: 0}
    m_Modifications: []
    m_RemovedComponents: []
  m_ParentPrefab: {fileID: 0}
  m_RootGameObject: {fileID: 1300459288447362}
  m_IsPrefabParent: 1
--- !u!1 &1079715842458734
GameObject:
  m_ObjectHideFlags: 1
  m_PrefabParentObject: {fileID: 0}
  m_PrefabInternal: {fileID: 100100000}
  serializedVersion: 5
  m_Component:
  - component: {fileID: 4822002338432622}
  - component: {fileID: 137297558567866052}
  - component: {fileID: 114406811316582612}
  m_Layer: 0
  m_Name: Shorts_33349_LOD2
  m_TagString: Untagged
  m_Icon: {fileID: 0}
  m_NavMeshLayer: 0
  m_StaticEditorFlags: 0
  m_IsActive: 1
--- !u!1 &1212738629551960
GameObject:
  m_ObjectHideFlags: 1
  m_PrefabParentObject: {fileID: 0}
  m_PrefabInternal: {fileID: 100100000}
  serializedVersion: 5
  m_Component:
  - component: {fileID: 4372690682966164}
  m_Layer: 0
  m_Name: rShin
  m_TagString: Untagged
  m_Icon: {fileID: 0}
  m_NavMeshLayer: 0
  m_StaticEditorFlags: 0
  m_IsActive: 1
--- !u!1 &1216841427780764
GameObject:
  m_ObjectHideFlags: 1
  m_PrefabParentObject: {fileID: 0}
  m_PrefabInternal: {fileID: 100100000}
  serializedVersion: 5
  m_Component:
  - component: {fileID: 4963907640971570}
  m_Layer: 0
  m_Name: pelvis
  m_TagString: Untagged
  m_Icon: {fileID: 0}
  m_NavMeshLayer: 0
  m_StaticEditorFlags: 0
  m_IsActive: 1
--- !u!1 &1298286922918284
GameObject:
  m_ObjectHideFlags: 1
  m_PrefabParentObject: {fileID: 0}
  m_PrefabInternal: {fileID: 100100000}
  serializedVersion: 5
  m_Component:
  - component: {fileID: 4988446254342118}
  m_Layer: 0
  m_Name: lShin
  m_TagString: Untagged
  m_Icon: {fileID: 0}
  m_NavMeshLayer: 0
  m_StaticEditorFlags: 0
  m_IsActive: 1
--- !u!1 &1300459288447362
GameObject:
  m_ObjectHideFlags: 0
  m_PrefabParentObject: {fileID: 0}
  m_PrefabInternal: {fileID: 100100000}
  serializedVersion: 5
  m_Component:
  - component: {fileID: 4289801260745552}
  - component: {fileID: 114803565596463796}
  - component: {fileID: 114281938356316600}
  m_Layer: 0
  m_Name: MMA Shorts
  m_TagString: Untagged
  m_Icon: {fileID: 0}
  m_NavMeshLayer: 0
  m_StaticEditorFlags: 0
  m_IsActive: 1
--- !u!1 &1445074750282294
GameObject:
  m_ObjectHideFlags: 1
  m_PrefabParentObject: {fileID: 0}
  m_PrefabInternal: {fileID: 100100000}
  serializedVersion: 5
  m_Component:
  - component: {fileID: 4860548973997352}
  m_Layer: 0
  m_Name: lThighTwist
  m_TagString: Untagged
  m_Icon: {fileID: 0}
  m_NavMeshLayer: 0
  m_StaticEditorFlags: 0
  m_IsActive: 1
--- !u!1 &1462291981908574
GameObject:
  m_ObjectHideFlags: 1
  m_PrefabParentObject: {fileID: 0}
  m_PrefabInternal: {fileID: 100100000}
  serializedVersion: 5
  m_Component:
  - component: {fileID: 4431145965869480}
  m_Layer: 0
  m_Name: hip
  m_TagString: Untagged
  m_Icon: {fileID: 0}
  m_NavMeshLayer: 0
  m_StaticEditorFlags: 0
  m_IsActive: 1
--- !u!1 &1480932858168442
GameObject:
  m_ObjectHideFlags: 1
  m_PrefabParentObject: {fileID: 0}
  m_PrefabInternal: {fileID: 100100000}
  serializedVersion: 5
  m_Component:
  - component: {fileID: 4107702488401660}
  - component: {fileID: 137859531150613264}
  - component: {fileID: 114030378441634982}
  m_Layer: 0
  m_Name: Shorts_33349_LOD0
  m_TagString: Untagged
  m_Icon: {fileID: 0}
  m_NavMeshLayer: 0
  m_StaticEditorFlags: 0
  m_IsActive: 1
--- !u!1 &1553466614304292
GameObject:
  m_ObjectHideFlags: 1
  m_PrefabParentObject: {fileID: 0}
  m_PrefabInternal: {fileID: 100100000}
  serializedVersion: 5
  m_Component:
  - component: {fileID: 4985195168379840}
  m_Layer: 0
  m_Name: rThighBend
  m_TagString: Untagged
  m_Icon: {fileID: 0}
  m_NavMeshLayer: 0
  m_StaticEditorFlags: 0
  m_IsActive: 1
--- !u!1 &1612726900919790
GameObject:
  m_ObjectHideFlags: 0
  m_PrefabParentObject: {fileID: 0}
  m_PrefabInternal: {fileID: 100100000}
  serializedVersion: 5
  m_Component:
  - component: {fileID: 4607498754728930}
  m_Layer: 0
  m_Name: Shorts_33349
  m_TagString: Untagged
  m_Icon: {fileID: 0}
  m_NavMeshLayer: 0
  m_StaticEditorFlags: 0
  m_IsActive: 1
--- !u!1 &1639877543962376
GameObject:
  m_ObjectHideFlags: 1
  m_PrefabParentObject: {fileID: 0}
  m_PrefabInternal: {fileID: 100100000}
  serializedVersion: 5
  m_Component:
  - component: {fileID: 4605986745586288}
  - component: {fileID: 137685155044494920}
  - component: {fileID: 114459274537865634}
  m_Layer: 0
  m_Name: Shorts_33349_LOD3
  m_TagString: Untagged
  m_Icon: {fileID: 0}
  m_NavMeshLayer: 0
  m_StaticEditorFlags: 0
  m_IsActive: 1
--- !u!1 &1688346337302954
GameObject:
  m_ObjectHideFlags: 1
  m_PrefabParentObject: {fileID: 0}
  m_PrefabInternal: {fileID: 100100000}
  serializedVersion: 5
  m_Component:
  - component: {fileID: 4879464897955434}
  m_Layer: 0
  m_Name: lThighBend
  m_TagString: Untagged
  m_Icon: {fileID: 0}
  m_NavMeshLayer: 0
  m_StaticEditorFlags: 0
  m_IsActive: 1
--- !u!1 &1696736399062492
GameObject:
  m_ObjectHideFlags: 1
  m_PrefabParentObject: {fileID: 0}
  m_PrefabInternal: {fileID: 100100000}
  serializedVersion: 5
  m_Component:
  - component: {fileID: 4273959021898802}
  - component: {fileID: 137731962323941436}
  - component: {fileID: 114944646294963372}
  m_Layer: 0
  m_Name: Shorts_33349_LOD1
  m_TagString: Untagged
  m_Icon: {fileID: 0}
  m_NavMeshLayer: 0
  m_StaticEditorFlags: 0
  m_IsActive: 1
--- !u!1 &1707152791558454
GameObject:
  m_ObjectHideFlags: 1
  m_PrefabParentObject: {fileID: 0}
  m_PrefabInternal: {fileID: 100100000}
  serializedVersion: 5
  m_Component:
  - component: {fileID: 4239112167967038}
  m_Layer: 0
  m_Name: lFoot
  m_TagString: Untagged
  m_Icon: {fileID: 0}
  m_NavMeshLayer: 0
  m_StaticEditorFlags: 0
  m_IsActive: 1
--- !u!1 &1797571556227804
GameObject:
  m_ObjectHideFlags: 1
  m_PrefabParentObject: {fileID: 0}
  m_PrefabInternal: {fileID: 100100000}
  serializedVersion: 5
  m_Component:
  - component: {fileID: 4464980292236692}
  m_Layer: 0
  m_Name: rFoot
  m_TagString: Untagged
  m_Icon: {fileID: 0}
  m_NavMeshLayer: 0
  m_StaticEditorFlags: 0
  m_IsActive: 1
--- !u!1 &1931975057861424
GameObject:
  m_ObjectHideFlags: 1
  m_PrefabParentObject: {fileID: 0}
  m_PrefabInternal: {fileID: 100100000}
  serializedVersion: 5
  m_Component:
  - component: {fileID: 4156731988675250}
  m_Layer: 0
  m_Name: abdomenLower
  m_TagString: Untagged
  m_Icon: {fileID: 0}
  m_NavMeshLayer: 0
  m_StaticEditorFlags: 0
  m_IsActive: 1
--- !u!1 &1974422706640772
GameObject:
  m_ObjectHideFlags: 1
  m_PrefabParentObject: {fileID: 0}
  m_PrefabInternal: {fileID: 100100000}
  serializedVersion: 5
  m_Component:
  - component: {fileID: 4412836879558920}
  m_Layer: 0
  m_Name: rThighTwist
  m_TagString: Untagged
  m_Icon: {fileID: 0}
  m_NavMeshLayer: 0
  m_StaticEditorFlags: 0
  m_IsActive: 1
--- !u!1 &1990267960027846
GameObject:
  m_ObjectHideFlags: 1
  m_PrefabParentObject: {fileID: 0}
  m_PrefabInternal: {fileID: 100100000}
  serializedVersion: 5
  m_Component:
  - component: {fileID: 4007029309160740}
  m_Layer: 0
  m_Name: abdomenUpper
  m_TagString: Untagged
  m_Icon: {fileID: 0}
  m_NavMeshLayer: 0
  m_StaticEditorFlags: 0
  m_IsActive: 1
--- !u!4 &4007029309160740
Transform:
  m_ObjectHideFlags: 1
  m_PrefabParentObject: {fileID: 0}
  m_PrefabInternal: {fileID: 100100000}
  m_GameObject: {fileID: 1990267960027846}
  m_LocalRotation: {x: 0, y: -0, z: -0, w: 1}
  m_LocalPosition: {x: -0, y: 0.08431297, z: 0.005528888}
  m_LocalScale: {x: 1, y: 1, z: 1}
  m_Children: []
  m_Father: {fileID: 4156731988675250}
  m_RootOrder: 0
  m_LocalEulerAnglesHint: {x: 0, y: 0, z: 0}
--- !u!4 &4107702488401660
Transform:
  m_ObjectHideFlags: 1
  m_PrefabParentObject: {fileID: 0}
  m_PrefabInternal: {fileID: 100100000}
  m_GameObject: {fileID: 1480932858168442}
  m_LocalRotation: {x: 0, y: -0, z: -0, w: 1}
  m_LocalPosition: {x: -0, y: 0, z: 0}
  m_LocalScale: {x: 1, y: 1, z: 1}
  m_Children: []
  m_Father: {fileID: 4607498754728930}
  m_RootOrder: 1
  m_LocalEulerAnglesHint: {x: 0, y: 0, z: 0}
--- !u!4 &4156731988675250
Transform:
  m_ObjectHideFlags: 1
  m_PrefabParentObject: {fileID: 0}
  m_PrefabInternal: {fileID: 100100000}
  m_GameObject: {fileID: 1931975057861424}
  m_LocalRotation: {x: 0, y: -0, z: -0, w: 1}
  m_LocalPosition: {x: -0, y: 0.018255996, z: -0.017591234}
  m_LocalScale: {x: 1, y: 1, z: 1}
  m_Children:
  - {fileID: 4007029309160740}
  m_Father: {fileID: 4431145965869480}
  m_RootOrder: 0
  m_LocalEulerAnglesHint: {x: 0, y: 0, z: 0}
--- !u!4 &4239112167967038
Transform:
  m_ObjectHideFlags: 1
  m_PrefabParentObject: {fileID: 0}
  m_PrefabInternal: {fileID: 100100000}
  m_GameObject: {fileID: 1707152791558454}
  m_LocalRotation: {x: 0, y: -1.3877788e-17, z: -0, w: 1}
  m_LocalPosition: {x: -0.02118329, y: -0.43117926, z: -0.020868357}
  m_LocalScale: {x: 1, y: 1, z: 1}
  m_Children: []
  m_Father: {fileID: 4988446254342118}
  m_RootOrder: 0
  m_LocalEulerAnglesHint: {x: 0, y: 0, z: 0}
--- !u!4 &4273959021898802
Transform:
  m_ObjectHideFlags: 1
  m_PrefabParentObject: {fileID: 0}
  m_PrefabInternal: {fileID: 100100000}
  m_GameObject: {fileID: 1696736399062492}
  m_LocalRotation: {x: 0, y: -0, z: -0, w: 1}
  m_LocalPosition: {x: -0, y: 0, z: 0}
  m_LocalScale: {x: 1, y: 1, z: 1}
  m_Children: []
  m_Father: {fileID: 4607498754728930}
  m_RootOrder: 2
  m_LocalEulerAnglesHint: {x: 0, y: 0, z: 0}
--- !u!4 &4289801260745552
Transform:
  m_ObjectHideFlags: 1
  m_PrefabParentObject: {fileID: 0}
  m_PrefabInternal: {fileID: 100100000}
  m_GameObject: {fileID: 1300459288447362}
  m_LocalRotation: {x: 0, y: -0, z: -0, w: 1}
  m_LocalPosition: {x: -0, y: 0, z: 0}
  m_LocalScale: {x: 1, y: 1, z: 1}
  m_Children:
  - {fileID: 4607498754728930}
  m_Father: {fileID: 0}
  m_RootOrder: 0
  m_LocalEulerAnglesHint: {x: 0, y: 0, z: 0}
--- !u!4 &4372690682966164
Transform:
  m_ObjectHideFlags: 1
  m_PrefabParentObject: {fileID: 0}
  m_PrefabInternal: {fileID: 100100000}
  m_GameObject: {fileID: 1212738629551960}
  m_LocalRotation: {x: -6.938894e-18, y: 1.2037062e-35, z: -1.7347235e-18, w: 1}
  m_LocalPosition: {x: 0.01788167, y: -0.2419104, z: -0.021084923}
  m_LocalScale: {x: 1, y: 1, z: 1}
  m_Children:
  - {fileID: 4464980292236692}
  m_Father: {fileID: 4412836879558920}
  m_RootOrder: 0
  m_LocalEulerAnglesHint: {x: 0, y: 0, z: 0}
--- !u!4 &4412836879558920
Transform:
  m_ObjectHideFlags: 1
  m_PrefabParentObject: {fileID: 0}
  m_PrefabInternal: {fileID: 100100000}
  m_GameObject: {fileID: 1974422706640772}
  m_LocalRotation: {x: -8.6736174e-19, y: 6.938894e-18, z: -1.3010426e-18, w: 1}
  m_LocalPosition: {x: 0.004016666, y: -0.20804977, z: -0.003359295}
  m_LocalScale: {x: 1, y: 1, z: 1}
  m_Children:
  - {fileID: 4372690682966164}
  m_Father: {fileID: 4985195168379840}
  m_RootOrder: 0
  m_LocalEulerAnglesHint: {x: 0, y: 0, z: 0}
--- !u!4 &4431145965869480
Transform:
  m_ObjectHideFlags: 1
  m_PrefabParentObject: {fileID: 0}
  m_PrefabInternal: {fileID: 100100000}
  m_GameObject: {fileID: 1462291981908574}
  m_LocalRotation: {x: 0, y: -0, z: -0, w: 1}
  m_LocalPosition: {x: -0, y: 1.035941, z: 0.01915123}
  m_LocalScale: {x: 1, y: 1, z: 1}
  m_Children:
  - {fileID: 4156731988675250}
  - {fileID: 4963907640971570}
  m_Father: {fileID: 4607498754728930}
  m_RootOrder: 0
  m_LocalEulerAnglesHint: {x: 0, y: 0, z: 0}
--- !u!4 &4464980292236692
Transform:
  m_ObjectHideFlags: 1
  m_PrefabParentObject: {fileID: 0}
  m_PrefabInternal: {fileID: 100100000}
  m_GameObject: {fileID: 1797571556227804}
  m_LocalRotation: {x: 0, y: -0, z: -0, w: 1}
  m_LocalPosition: {x: 0.02118329, y: -0.43117926, z: -0.020868357}
  m_LocalScale: {x: 1, y: 1, z: 1}
  m_Children: []
  m_Father: {fileID: 4372690682966164}
  m_RootOrder: 0
  m_LocalEulerAnglesHint: {x: 0, y: 0, z: 0}
--- !u!4 &4605986745586288
Transform:
  m_ObjectHideFlags: 1
  m_PrefabParentObject: {fileID: 0}
  m_PrefabInternal: {fileID: 100100000}
  m_GameObject: {fileID: 1639877543962376}
  m_LocalRotation: {x: 0, y: -0, z: -0, w: 1}
  m_LocalPosition: {x: -0, y: 0, z: 0}
  m_LocalScale: {x: 1, y: 1, z: 1}
  m_Children: []
  m_Father: {fileID: 4607498754728930}
  m_RootOrder: 4
  m_LocalEulerAnglesHint: {x: 0, y: 0, z: 0}
--- !u!4 &4607498754728930
Transform:
  m_ObjectHideFlags: 1
  m_PrefabParentObject: {fileID: 0}
  m_PrefabInternal: {fileID: 100100000}
  m_GameObject: {fileID: 1612726900919790}
  m_LocalRotation: {x: 0, y: -0, z: -0, w: 1}
  m_LocalPosition: {x: -0, y: 0, z: 0}
  m_LocalScale: {x: 1, y: 1, z: 1}
  m_Children:
  - {fileID: 4431145965869480}
  - {fileID: 4107702488401660}
  - {fileID: 4273959021898802}
  - {fileID: 4822002338432622}
  - {fileID: 4605986745586288}
  m_Father: {fileID: 4289801260745552}
  m_RootOrder: 0
  m_LocalEulerAnglesHint: {x: 0, y: 0, z: 0}
--- !u!4 &4822002338432622
Transform:
  m_ObjectHideFlags: 1
  m_PrefabParentObject: {fileID: 0}
  m_PrefabInternal: {fileID: 100100000}
  m_GameObject: {fileID: 1079715842458734}
  m_LocalRotation: {x: 0, y: -0, z: -0, w: 1}
  m_LocalPosition: {x: -0, y: 0, z: 0}
  m_LocalScale: {x: 1, y: 1, z: 1}
  m_Children: []
  m_Father: {fileID: 4607498754728930}
  m_RootOrder: 3
  m_LocalEulerAnglesHint: {x: 0, y: 0, z: 0}
--- !u!4 &4860548973997352
Transform:
  m_ObjectHideFlags: 1
  m_PrefabParentObject: {fileID: 0}
  m_PrefabInternal: {fileID: 100100000}
  m_GameObject: {fileID: 1445074750282294}
  m_LocalRotation: {x: 1.1284746e-35, y: 6.938894e-18, z: -1.6263033e-18, w: 1}
  m_LocalPosition: {x: -0.004016666, y: -0.20804977, z: -0.003359295}
  m_LocalScale: {x: 1, y: 1, z: 1}
  m_Children:
  - {fileID: 4988446254342118}
  m_Father: {fileID: 4879464897955434}
  m_RootOrder: 0
  m_LocalEulerAnglesHint: {x: 0, y: 0, z: 0}
--- !u!4 &4879464897955434
Transform:
  m_ObjectHideFlags: 1
  m_PrefabParentObject: {fileID: 0}
  m_PrefabInternal: {fileID: 100100000}
  m_GameObject: {fileID: 1688346337302954}
  m_LocalRotation: {x: 1.1284746e-35, y: 6.938894e-18, z: -1.6263033e-18, w: 1}
  m_LocalPosition: {x: -0.07611847, y: -0.1103672, z: -0.00996871}
  m_LocalScale: {x: 1, y: 1, z: 1}
  m_Children:
  - {fileID: 4860548973997352}
  m_Father: {fileID: 4963907640971570}
  m_RootOrder: 0
  m_LocalEulerAnglesHint: {x: 0, y: 0, z: 0}
--- !u!4 &4963907640971570
Transform:
  m_ObjectHideFlags: 1
  m_PrefabParentObject: {fileID: 0}
  m_PrefabInternal: {fileID: 100100000}
  m_GameObject: {fileID: 1216841427780764}
  m_LocalRotation: {x: 0, y: -0, z: -0, w: 1}
  m_LocalPosition: {x: -0, y: 0.019348983, z: -0.0010779297}
  m_LocalScale: {x: 1, y: 1, z: 1}
  m_Children:
  - {fileID: 4879464897955434}
  - {fileID: 4985195168379840}
  m_Father: {fileID: 4431145965869480}
  m_RootOrder: 1
  m_LocalEulerAnglesHint: {x: 0, y: 0, z: 0}
--- !u!4 &4985195168379840
Transform:
  m_ObjectHideFlags: 1
  m_PrefabParentObject: {fileID: 0}
  m_PrefabInternal: {fileID: 100100000}
  m_GameObject: {fileID: 1553466614304292}
  m_LocalRotation: {x: -8.6736174e-19, y: 6.938894e-18, z: -1.3010426e-18, w: 1}
  m_LocalPosition: {x: 0.07611847, y: -0.1103672, z: -0.00996871}
  m_LocalScale: {x: 1, y: 1, z: 1}
  m_Children:
  - {fileID: 4412836879558920}
  m_Father: {fileID: 4963907640971570}
  m_RootOrder: 1
  m_LocalEulerAnglesHint: {x: 0, y: 0, z: 0}
--- !u!4 &4988446254342118
Transform:
  m_ObjectHideFlags: 1
  m_PrefabParentObject: {fileID: 0}
  m_PrefabInternal: {fileID: 100100000}
  m_GameObject: {fileID: 1298286922918284}
  m_LocalRotation: {x: -1.2037062e-35, y: -1.3877788e-17, z: -8.6736174e-19, w: 1}
  m_LocalPosition: {x: -0.01788167, y: -0.2419104, z: -0.021084923}
  m_LocalScale: {x: 1, y: 1, z: 1}
  m_Children:
  - {fileID: 4239112167967038}
  m_Father: {fileID: 4860548973997352}
  m_RootOrder: 0
  m_LocalEulerAnglesHint: {x: 0, y: 0, z: 0}
--- !u!114 &114030378441634982
MonoBehaviour:
  m_ObjectHideFlags: 1
  m_PrefabParentObject: {fileID: 0}
  m_PrefabInternal: {fileID: 100100000}
  m_GameObject: {fileID: 1480932858168442}
  m_Enabled: 1
  m_EditorHideFlags: 0
  m_Script: {fileID: -2050122676, guid: 2188feb5cf201e848a09932d706b7c3a, type: 3}
  m_Name: 
  m_EditorClassIdentifier: 
  dazName: 
  ID: 
  meshQuality: 0
  meshType: 2
  originalMesh: {fileID: 0}
  originalBindposes: []
  runtimeMorphPath: MORPH3D/MMA_Fighter/MMA_Shorts/Shorts_33349_LOD0
--- !u!114 &114281938356316600
MonoBehaviour:
  m_ObjectHideFlags: 1
  m_PrefabParentObject: {fileID: 0}
  m_PrefabInternal: {fileID: 100100000}
  m_GameObject: {fileID: 1300459288447362}
  m_Enabled: 1
  m_EditorHideFlags: 0
  m_Script: {fileID: 1913082261, guid: 2188feb5cf201e848a09932d706b7c3a, type: 3}
  m_Name: 
  m_EditorClassIdentifier: 
  dazName: MMA_Shorts
  ID: 932d8b35-2c63-4543-9f7a-5f88af6d3f7b
  LODlist:
  - {fileID: 114030378441634982}
  - {fileID: 114944646294963372}
  - {fileID: 114406811316582612}
  - {fileID: 114459274537865634}
  currentLODlevel: 1
  meshType: 2
  lockMaterials: 0
  isAttached: 0
  isVisible: 1
  alphaMask: {fileID: 0}
  _alphaMasksKeys: 01000000
  _alphaMasksVals:
  - {fileID: 2800000, guid: e08d0e711874a8e409fb4d6de9c97fb2, type: 3}
--- !u!114 &114406811316582612
MonoBehaviour:
  m_ObjectHideFlags: 1
  m_PrefabParentObject: {fileID: 0}
  m_PrefabInternal: {fileID: 100100000}
  m_GameObject: {fileID: 1079715842458734}
  m_Enabled: 1
  m_EditorHideFlags: 0
  m_Script: {fileID: -2050122676, guid: 2188feb5cf201e848a09932d706b7c3a, type: 3}
  m_Name: 
  m_EditorClassIdentifier: 
  dazName: 
  ID: 
  meshQuality: 0
  meshType: 2
  originalMesh: {fileID: 0}
  originalBindposes: []
  runtimeMorphPath: MORPH3D/MMA_Fighter/MMA_Shorts/Shorts_33349_LOD2
--- !u!114 &114459274537865634
MonoBehaviour:
  m_ObjectHideFlags: 1
  m_PrefabParentObject: {fileID: 0}
  m_PrefabInternal: {fileID: 100100000}
  m_GameObject: {fileID: 1639877543962376}
  m_Enabled: 1
  m_EditorHideFlags: 0
  m_Script: {fileID: -2050122676, guid: 2188feb5cf201e848a09932d706b7c3a, type: 3}
  m_Name: 
  m_EditorClassIdentifier: 
  dazName: 
  ID: 
  meshQuality: 0
  meshType: 2
  originalMesh: {fileID: 0}
  originalBindposes: []
  runtimeMorphPath: MORPH3D/MMA_Fighter/MMA_Shorts/Shorts_33349_LOD3
--- !u!114 &114803565596463796
MonoBehaviour:
  m_ObjectHideFlags: 1
  m_PrefabParentObject: {fileID: 0}
  m_PrefabInternal: {fileID: 100100000}
  m_GameObject: {fileID: 1300459288447362}
  m_Enabled: 1
  m_EditorHideFlags: 0
  m_Script: {fileID: 1652709342, guid: 2188feb5cf201e848a09932d706b7c3a, type: 3}
  m_Name: 
  m_EditorClassIdentifier: 
  vendorId: 2e4ddbf3-b4fd-11e6-ab9c-000f1f047949
  versionId: 1
  meshType: 2
  geometryId: MMA_Shorts
  ID: 932d8b35-2c63-4543-9f7a-5f88af6d3f7b
  compatabilityBase: 
  declarativeUse: 
  controllerScales: []
  item_id: 932d8b35-2c63-4543-9f7a-5f88af6d3f7b
  collection_id: 
  rank: 2
  function: 4
  schematic:
    lods: []
    persistent: []
  compatibilities:
    figures: []
  collection_version: 0
  item_version: 1
  mcs_version: 1.6
  item_name: MMA_Shorts
  collection_name: MMA_Fighter
--- !u!114 &114944646294963372
MonoBehaviour:
  m_ObjectHideFlags: 1
  m_PrefabParentObject: {fileID: 0}
  m_PrefabInternal: {fileID: 100100000}
  m_GameObject: {fileID: 1696736399062492}
  m_Enabled: 1
  m_EditorHideFlags: 0
  m_Script: {fileID: -2050122676, guid: 2188feb5cf201e848a09932d706b7c3a, type: 3}
  m_Name: 
  m_EditorClassIdentifier: 
  dazName: 
  ID: 
  meshQuality: 0
  meshType: 2
  originalMesh: {fileID: 0}
  originalBindposes: []
  runtimeMorphPath: MORPH3D/MMA_Fighter/MMA_Shorts/Shorts_33349_LOD1
--- !u!137 &137297558567866052
SkinnedMeshRenderer:
  m_ObjectHideFlags: 1
  m_PrefabParentObject: {fileID: 0}
  m_PrefabInternal: {fileID: 100100000}
  m_GameObject: {fileID: 1079715842458734}
  m_Enabled: 1
  m_CastShadows: 1
  m_ReceiveShadows: 1
  m_DynamicOccludee: 1
  m_MotionVectors: 1
  m_LightProbeUsage: 1
  m_ReflectionProbeUsage: 1
  m_Materials:
  - {fileID: 2100000, guid: 3fdf0162c54c99448bfc5031972220e9, type: 2}
  m_StaticBatchInfo:
    firstSubMesh: 0
    subMeshCount: 0
  m_StaticBatchRoot: {fileID: 0}
  m_ProbeAnchor: {fileID: 0}
  m_LightProbeVolumeOverride: {fileID: 0}
  m_ScaleInLightmap: 1
  m_PreserveUVs: 0
  m_IgnoreNormalsForChartDetection: 0
  m_ImportantGI: 0
  m_StitchLightmapSeams: 0
  m_SelectedEditorRenderState: 3
  m_MinimumChartSize: 4
  m_AutoUVMaxDistance: 0.5
  m_AutoUVMaxAngle: 89
  m_LightmapParameters: {fileID: 0}
  m_SortingLayerID: 0
  m_SortingLayer: 0
  m_SortingOrder: 0
  serializedVersion: 2
  m_Quality: 0
  m_UpdateWhenOffscreen: 0
  m_SkinnedMotionVectors: 1
  m_Mesh: {fileID: 4300004, guid: 273735ed370cfc542b1931cc17de192c, type: 3}
  m_Bones:
  - {fileID: 4988446254342118}
  - {fileID: 4372690682966164}
  - {fileID: 4860548973997352}
  - {fileID: 4412836879558920}
  - {fileID: 4879464897955434}
  - {fileID: 4985195168379840}
  - {fileID: 4963907640971570}
  - {fileID: 4156731988675250}
  - {fileID: 4431145965869480}
  m_BlendShapeWeights: []
  m_RootBone: {fileID: 4431145965869480}
  m_AABB:
    m_Center: {x: 0.000116705894, y: -0.17487133, z: -0.0074445903}
    m_Extent: {x: 0.20403309, y: 0.21782637, z: 0.13971105}
  m_DirtyAABB: 0
--- !u!137 &137685155044494920
SkinnedMeshRenderer:
  m_ObjectHideFlags: 1
  m_PrefabParentObject: {fileID: 0}
  m_PrefabInternal: {fileID: 100100000}
  m_GameObject: {fileID: 1639877543962376}
  m_Enabled: 1
  m_CastShadows: 1
  m_ReceiveShadows: 1
  m_DynamicOccludee: 1
  m_MotionVectors: 1
  m_LightProbeUsage: 1
  m_ReflectionProbeUsage: 1
  m_Materials:
  - {fileID: 2100000, guid: 3fdf0162c54c99448bfc5031972220e9, type: 2}
  m_StaticBatchInfo:
    firstSubMesh: 0
    subMeshCount: 0
  m_StaticBatchRoot: {fileID: 0}
  m_ProbeAnchor: {fileID: 0}
  m_LightProbeVolumeOverride: {fileID: 0}
  m_ScaleInLightmap: 1
  m_PreserveUVs: 0
  m_IgnoreNormalsForChartDetection: 0
  m_ImportantGI: 0
  m_StitchLightmapSeams: 0
  m_SelectedEditorRenderState: 3
  m_MinimumChartSize: 4
  m_AutoUVMaxDistance: 0.5
  m_AutoUVMaxAngle: 89
  m_LightmapParameters: {fileID: 0}
  m_SortingLayerID: 0
  m_SortingLayer: 0
  m_SortingOrder: 0
  serializedVersion: 2
  m_Quality: 0
  m_UpdateWhenOffscreen: 0
  m_SkinnedMotionVectors: 1
  m_Mesh: {fileID: 4300006, guid: 273735ed370cfc542b1931cc17de192c, type: 3}
  m_Bones:
  - {fileID: 4988446254342118}
  - {fileID: 4372690682966164}
  - {fileID: 4860548973997352}
  - {fileID: 4412836879558920}
  - {fileID: 4879464897955434}
  - {fileID: 4985195168379840}
  - {fileID: 4963907640971570}
  - {fileID: 4156731988675250}
  - {fileID: 4431145965869480}
  m_BlendShapeWeights: []
  m_RootBone: {fileID: 4431145965869480}
  m_AABB:
    m_Center: {x: 0, y: -0.17472273, z: -0.007888183}
    m_Extent: {x: 0.20406339, y: 0.21790975, z: 0.14112845}
  m_DirtyAABB: 0
--- !u!137 &137731962323941436
SkinnedMeshRenderer:
  m_ObjectHideFlags: 1
  m_PrefabParentObject: {fileID: 0}
  m_PrefabInternal: {fileID: 100100000}
  m_GameObject: {fileID: 1696736399062492}
  m_Enabled: 1
  m_CastShadows: 1
  m_ReceiveShadows: 1
  m_DynamicOccludee: 1
  m_MotionVectors: 1
  m_LightProbeUsage: 1
  m_ReflectionProbeUsage: 1
  m_Materials:
  - {fileID: 2100000, guid: 3fdf0162c54c99448bfc5031972220e9, type: 2}
  m_StaticBatchInfo:
    firstSubMesh: 0
    subMeshCount: 0
  m_StaticBatchRoot: {fileID: 0}
  m_ProbeAnchor: {fileID: 0}
  m_LightProbeVolumeOverride: {fileID: 0}
  m_ScaleInLightmap: 1
  m_PreserveUVs: 0
  m_IgnoreNormalsForChartDetection: 0
  m_ImportantGI: 0
  m_StitchLightmapSeams: 0
  m_SelectedEditorRenderState: 3
  m_MinimumChartSize: 4
  m_AutoUVMaxDistance: 0.5
  m_AutoUVMaxAngle: 89
  m_LightmapParameters: {fileID: 0}
  m_SortingLayerID: 0
  m_SortingLayer: 0
  m_SortingOrder: 0
  serializedVersion: 2
  m_Quality: 0
  m_UpdateWhenOffscreen: 0
  m_SkinnedMotionVectors: 1
  m_Mesh: {fileID: 4300002, guid: 273735ed370cfc542b1931cc17de192c, type: 3}
  m_Bones:
  - {fileID: 4988446254342118}
  - {fileID: 4372690682966164}
  - {fileID: 4860548973997352}
  - {fileID: 4412836879558920}
  - {fileID: 4879464897955434}
  - {fileID: 4985195168379840}
  - {fileID: 4963907640971570}
  - {fileID: 4156731988675250}
  - {fileID: 4431145965869480}
  m_BlendShapeWeights: []
  m_RootBone: {fileID: 4431145965869480}
  m_AABB:
    m_Center: {x: -0.000090532005, y: -0.17491901, z: -0.0075841844}
    m_Extent: {x: 0.20451763, y: 0.21782804, z: 0.13928106}
  m_DirtyAABB: 0
--- !u!137 &137859531150613264
SkinnedMeshRenderer:
  m_ObjectHideFlags: 1
  m_PrefabParentObject: {fileID: 0}
  m_PrefabInternal: {fileID: 100100000}
  m_GameObject: {fileID: 1480932858168442}
  m_Enabled: 1
  m_CastShadows: 1
  m_ReceiveShadows: 1
  m_DynamicOccludee: 1
  m_MotionVectors: 1
  m_LightProbeUsage: 1
  m_ReflectionProbeUsage: 1
  m_Materials:
  - {fileID: 2100000, guid: 3fdf0162c54c99448bfc5031972220e9, type: 2}
  m_StaticBatchInfo:
    firstSubMesh: 0
    subMeshCount: 0
  m_StaticBatchRoot: {fileID: 0}
  m_ProbeAnchor: {fileID: 0}
  m_LightProbeVolumeOverride: {fileID: 0}
  m_ScaleInLightmap: 1
  m_PreserveUVs: 0
  m_IgnoreNormalsForChartDetection: 0
  m_ImportantGI: 0
  m_StitchLightmapSeams: 0
  m_SelectedEditorRenderState: 3
  m_MinimumChartSize: 4
  m_AutoUVMaxDistance: 0.5
  m_AutoUVMaxAngle: 89
  m_LightmapParameters: {fileID: 0}
  m_SortingLayerID: 0
  m_SortingLayer: 0
  m_SortingOrder: 0
  serializedVersion: 2
  m_Quality: 0
  m_UpdateWhenOffscreen: 0
  m_SkinnedMotionVectors: 1
  m_Mesh: {fileID: 4300000, guid: 273735ed370cfc542b1931cc17de192c, type: 3}
  m_Bones:
  - {fileID: 4988446254342118}
  - {fileID: 4372690682966164}
  - {fileID: 4860548973997352}
  - {fileID: 4412836879558920}
  - {fileID: 4879464897955434}
  - {fileID: 4985195168379840}
  - {fileID: 4963907640971570}
  - {fileID: 4156731988675250}
  - {fileID: 4431145965869480}
  m_BlendShapeWeights: []
  m_RootBone: {fileID: 4431145965869480}
  m_AABB:
    m_Center: {x: -0.00005748868, y: -0.17497459, z: -0.007852092}
    m_Extent: {x: 0.20433988, y: 0.21765354, z: 0.13965964}
  m_DirtyAABB: 0
